2572 4424
168 256 231 321 228
565 252 727 307 onsmno
739 252 838 309 nvnr

169 412 200 472 in
217 411 328 473 maiora
343 418 453 481 castra,
474 419 542 490 post
563 410 651 471 etiam
667 409 698 469 in
719 410 886 481 castellum,
908 409 989 489 quod
1008 417 1071 471 orat
1085 408 1236 471 inclusum

168 496 328 558 maioribus
341 497 454 567 castris
466 496 638 575 irruperunt
653 504 692 568 et,
708 495 789 574 quod
800 515 836 556 co
847 495 934 574 pulsa
947 495 1021 574 legio
1033 512 1101 555 sese
1113 513 1237 576 recepe-

168 591 223 655 rat,
240 581 400 643 nonnullos
416 580 457 643 ibi
470 590 673 661 repugnantes
688 581 911 643 interfecerunt.

254 666 304 728 68.
322 666 381 728 Sed
397 667 524 739 fortuna,
540 685 616 746 qnae
628 666 792 745 plurimum
807 673 907 745 potest
921 684 990 727 cum
1006 665 1037 726 in
1048 665 1172 746 reliquis
1187 683 1237 727 re·

166 752 299 813 bustum
312 752 468 831 praecipue
479 753 511 813 in
522 752 608 825 bello,
621 752 719 831 parvis
732 753 893 813 momentis
905 769 1025 831 magnas
1037 768 1141 813 rerum
1153 770 1237 813 ooni-

130 846 146 896 2
170 838 347 901 mutationes
364 838 468 911 efficit3
483 844 517 900 ut
531 844 597 899 turn
612 836 724 898 accidit.
754 838 962 911 Munitionem,
979 855 1069 917 quarn
1083 837 1235 916 pertinere

168 924 298 984 acastris
309 924 345 985 ad
357 925 471 986 ilumen
482 941 572 1002 supra
584 923 862 996 demonstravimus,
875 923 971 984 dextri
982 922 1114 983 Caesaris
1126 940 1235 984 cornus

168 1010 305 1070 cobortes
325 1009 489 1087 ignorantia
508 1009 565 1070 loci
584 1016 657 1070 sunt
674 1017 807 1081 secutae,
829 1027 899 1070 cnm
919 1016 1036 1087 portam
1057 1016 1236 1087 quaererent

131 1104 147 1151 3
168 1104 395 1174 castrorumque
411 1113 476 1155 eam
491 1094 693 1156 munitionem
716 1113 783 1153 esse
797 1093 1021 1155 arbitrarentur.
1058 1093 1146 1167 Quod
1166 1110 1234 1154 cunr

139 1254 147 1263 .
168 1188 248 1241 esset
259 1179 510 1251 animadversum,
523 1180 715 1241 coniunctam
728 1197 795 1240 esse
807 1178 933 1252 flumini,
949 1178 1235 1258 prorutismunitio·

167 1265 257 1327 nibus
263 1265 444 1326 defendente
456 1265 537 1326 nullo
544 1265 802 1339 transcenderunt,
809 1264 968 1344 omnisque
974 1264 1233 1344 nosterequitatus

168 1369 217 1411 eas
232 1350 370 1411 cohortes
386 1358 434 1411 est
447 1356 577 1412 secutus.

252 1435 303 1497 69.
319 1435 441 1496 Interim
453 1436 615 1515 Pompeius
629 1436 685 1497 hac
698 1435 770 1496 satis
787 1438 873 1515 longa
887 1435 1043 1496 interiecta
1056 1453 1141 1496 mora
1156 1443 1187 1496 et
1200 1453 1233 1496 re

168 1521 305 1583 nuntiata
319 1541 336 1583 r
346 1522 479 1600 legiones
491 1521 527 1583 ab
539 1540 630 1602 opere
642 1521 784 1583 deductas
796 1520 928 1583 subsidio
934 1522 998 1582 suis
1010 1520 1104 1593 duxit,
1112 1520 1234 1583 eodem·

167 1625 226 1685 qne
241 1616 375 1687 tempore
391 1608 539 1688 equitatus
556 1608 622 1669 eius
638 1607 748 1667 nostris
765 1606 913 1686 equitibus
924 1606 1189 1687 appropinquabat,
1206 1614 1235 1667 et

166 1692 548 1767 aciesinstructaanostris,
561 1694 612 1773 qni
623 1700 718 1754 castra
730 1699 955 1771 occupaverant,
968 1691 1155 1766 cernebatur,
1167 1710 1235 1753 orn·

129 1788 146 1838 2
167 1779 277 1857 niaque
290 1787 362 1839 sunt
373 1778 472 1840 subito
485 1785 606 1840 mutata.
630 1778 719 1856 Legio
733 1778 914 1858 Pompeiana
926 1777 1030 1839 celeris
1043 1796 1098 1857 spe
1109 1776 1235 1839 subsidii

167 1863 339 1925 oonbrrnata
353 1863 389 1924 ab
400 1865 564 1926 decumana
578 1874 664 1943 porta
678 1864 820 1925 resistere
831 1862 994 1925 conabatur
1007 1871 1098 1943 atque
1113 1863 1192 1924 ultro
1203 1862 1234 1923 in

167 1957 286 2009 nostros
303 1948 451 2028 impetum
467 1949 599 2011 faciebat.
622 1949 779 2029 Equitatus
795 1948 936 2022 Caesaris,
953 1949 1031 2028 qnod
1046 1956 1173 2027 angusto
1185 1948 1235 2010 iti-

166 2051 240 2094 nere
254 2052 309 2112 por
325 2053 446 2112 aggeres
462 2035 649 2107 ascendebat,
665 2036 799 2115 receptui
814 2054 869 2097 sno
885 2033 996 2095 timens
1011 2032 1131 2095 initium
1146 2033 1234 2113 fugae

132 2125 148 2175 3
169 2117 302 2179 faciebat.
326 2119 467 2180 Dextrum
482 2138 585 2193 cornu,
601 2120 682 2200 quod
697 2129 761 2181 erat
774 2139 791 2180 a
806 2120 927 2180 sinistro
943 2120 1104 2193 seclusum,
1120 2127 1235 2180 terrore

168 2204 302 2283 equitum
323 2205 542 2279 animadverso,
564 2224 602 2267 ne
622 2206 701 2267 intra
721 2205 922 2267 munitionem
943 2204 1179 2285 opprimeretur,
1201 2223 1235 2265 ea

166 2297 258 2368 parte,
276 2308 364 2369 quam
380 2298 542 2369 proruerat,
558 2310 624 2352 sese
638 2290 807 2372 recipiebat,
824 2310 859 2353 ao
873 2291 1008 2371 plerique
1024 2290 1235 2364 cahisneio

167 2376 317 2452 angustias
332 2376 506 2449 inciderent,
523 2396 559 2437 ex
574 2396 592 2437 x
606 2377 717 2456 pedum
734 2376 900 2438 munitione
915 2395 948 2437 se
962 2376 994 2437 in
1009 2375 1105 2437 fossas
1119 2376 1235 2456 praeei-

167 2458 314 2537 pitabant,
336 2460 499 2541 primisque
514 2462 664 2542 oppressis
685 2462 792 2541 reliqui
813 2462 990 2543 perborum
1012 2479 1137 2541 corpora
1155 2460 1235 2523 salu-

130 2554 147 2604 4
166 2552 228 2604 tem
244 2545 301 2605 sibi
316 2552 405 2626 atque
417 2546 528 2608 exitum
543 2546 707 2627 pariebant.
734 2547 862 2608 Sinistro
875 2546 1100 2621 cornumilites,
1116 2564 1235 2609 cumen

168 2630 239 2690 vailo
254 2630 431 2711 Pompeium
446 2633 551 2694 adesse
566 2639 596 2693 et
610 2652 681 2695 suos
696 2633 799 2712 fugere
819 2642 985 2706 cernerent,
1007 2632 1101 2705 veriti,
1125 2648 1165 2693 ne
1180 2650 1235 2693 an·

169 2716 272 2793 gustiis
284 2716 565 2791 intercluderentur,
577 2737 646 2780 curn
659 2726 740 2781 extra
752 2728 783 2779 et
794 2719 877 2781 intus
889 2719 1005 2780 hostem
1019 2718 1174 2792 baberent,
1183 2737 1235 2779 eo-

201 2855 545 2918 commentarienses.
727 2856 795 2922 quod
812 2861 922 2922 magnato
945 2858 1035 2907 itinero
1057 2871 1108 2924 per
1125 2870 1236 2923 aggerat

201 2913 253 2973 118.
284 2923 305 2972 1.
328 2921 380 2974 Sed
399 2925 508 2990 sorbonn
530 2953 563 2961 -
581 2927 673 2989 efficat.
726 2924 883 2976 6666666161.
907 2924 954 2975 Die
969 2923 1082 2975 Reitoroi
1097 2940 1154 2974 war
1170 2924 1236 2977 noob

167 2990 193 3039 S.
213 3007 245 3040 zu
265 2991 288 3053 1,
306 2992 347 3056 21,
368 2993 391 3041 l.
408 3019 442 3028 -—
454 2997 483 3042 ut
500 2997 555 3043 tum
572 2993 673 3044 accidit:
726 2993 803 3044 uenit
820 2991 987 3056 besebiistigt,
1004 2993 1083 3043 dureb
1093 2992 1142 3043 don
1154 3007 1234 3058 angen

169 3059 192 3119 1,
204 3057 245 3120 80,
262 3058 282 3107 1.
726 3061 879 3112 Durobsticb
910 3061 954 3111 dos
989 3059 1075 3111 Walls
1104 3060 1170 3111 1166
1194 3060 1235 3111 dia

203 3126 227 3175 2.
245 3140 339 3193 supro.-
360 3142 382 3176 c.
402 3127 443 3193 66,
461 3127 485 3177 6.
505 3156 537 3165 -
555 3133 617 3179 eunt
633 3146 674 3179 ee·
727 3129 842 3192 1116666,
859 3130 939 3179 durch
953 3129 1051 3180 welche
1066 3128 1114 3179 dor
1131 3126 1234 3179 (166166

168 3199 254 3245 eaetoe:
267 3210 288 3243 6.
301 3194 343 3257 49,
356 3197 379 3245 5.
727 3198 840 3262 gangbar
854 3212 918 3260 war,
935 3197 961 3247 in
978 3197 1020 3248 dia
1035 3197 1236 3260 Vorsohanznng

202 3263 225 3313 3.
247 3261 393 3326 quodcum:
407 3264 431 3330 2,
446 3266 485 3327 16,
500 3266 523 3315 1.
728 3264 920 3330 einzudringen.

201 3319 254 3381 69.
268 3330 291 3379 1.
303 3333 336 3381 61
348 3347 434 3399 opere.-
445 3350 496 3384 von
508 3332 675 3385 166861666-
762 3334 785 3384 3.
804 3337 832 3383 c'n
843 3334 944 3399 fossae:
963 3352 984 3385 6.
1002 3334 1044 3396 46,
1062 3333 1086 3385 3.
1112 3332 1140 3384 Β.
1159 3331 1192 3385 d.
1211 3334 1236 3397 7,

167 3398 252 3449 arbeit
274 3398 314 3449 bei
337 3401 391 3450 darn
414 3400 498 3466 Lager
518 3418 559 3452 arn
578 3402 673 3454 Moero.
728 3402 769 3466 82,
783 3402 808 3456 3.
830 3402 998 3454 Siennssten
1013 3402 1068 3453 6166
1080 3402 1235 3453 niadostons

167 3496 201 3504 -
221 3470 354 3533 orrras'czqno
374 3474 435 3519 suat
459 3472 542 3521 subdo
566 3475 674 3522 6661616.
728 3470 760 3520 19
772 3469 801 3521 F.
813 3470 1021 3550 borabspringen,
1033 3486 1083 3521 von
1094 3471 1152 3521 don
1165 3470 1198 3520 1⁰
1206 3468 1236 3520 F.

168 3535 274 3585 Beachte
306 3538 353 3586 den
383 3540 523 3603 passanden
553 3537 674 3606 Tempus·
726 3537 893 3590 hobonWall
909 3554 936 3589 nn
949 3538 1076 3601 (166911,
1093 3538 1156 3589 oder
1172 3538 1235 3589 66611

168 3604 278 3653 wcohsel
294 3606 357 3655 6661
378 3605 432 3655 dom
452 3608 674 3671 vorborgobonden
725 3604 830 3657 Riistow
836 3623 866 3725 p.
879 3606 912 3657 84
923 3606 965 3657 boi
978 3608 1008 3657 15
1020 3605 1050 3656 F.
1061 3606 1147 3658 Broita
1161 3606 1191 3655 ll
1202 3604 1235 3655 F.

169 3669 266 3738 imperf.
726 3672 805 3726 tiosen
861 3675 947 3726 66166.
979 3702 1013 3712 -
1040 3690 1089 3741 per
1116 3688 1236 3741 corpora:

202 3739 226 3788 2.
244 3741 276 3789 61
293 3740 432 3791 decumano
448 3746 537 3809 porta,
557 3742 601 3792 das
617 3743 673 3792 dem
728 3741 791 3793 iiber
807 3743 861 3793 ihre
877 3742 971 3794 beibor
984 3742 1094 3807 hinwog.
1123 3742 1149 3792 B.
1165 3740 1234 3803 (1.1,

169 3805 247 3857 Feind
265 3809 443 3872 obgewendoto
459 3808 614 3874 Lngerthor3
630 3811 675 3860 das
731 3811 769 3873 10,
779 3811 804 3861 3.

170 3874 225 3924 dem
242 3874 323 3925 Feind
341 3874 495 3940 zugekobrte
510 3876 579 3927 biess
593 3881 676 3995 porta
762 3879 787 3929 4.
805 3877 1046 3931 intereluderentur:
1067 3878 1090 3941 1,
1110 3878 1236 3941 161.-

166 3946 306 4015 praetorto.
327 3973 360 3979 -
380 3943 461 3995 uitro:
486 3943 509 4013 1,
531 3944 573 4013 78,
611 3983 617 3997 .
642 3974 674 3983 -
729 3944 830 4011 oodeaa,
845 3962 892 4013 quo
908 3952 1040 4015 66666666,
1055 3950 1166 4019 receptu.
1192 3946 1236 3997 111-
