<?xml version="1.0" encoding="UTF-8"?>
<!DOCTYPE html PUBLIC "-//W3C//DTD XHTML 1.0 Transitional//EN"
    "http://www.w3.org/TR/xhtml1/DTD/xhtml1-transitional.dtd">
<html xmlns="http://www.w3.org/1999/xhtml" xml:lang="en" lang="en">
 <head>
  <title>
</title>
<meta http-equiv="Content-Type" content="text/html;charset=utf-8" />
  <meta name='ocr-system' content='tesseract 3.04.00' />
  <meta name='ocr-capabilities' content='ocr_page ocr_carea ocr_par ocr_line ocrx_word'/>
</head>
<body>
  <div class='ocr_page' id='page_1' title='image "./ciuliicaesarisc00krangoog/ciuliicaesarisc00krangoog_0272.png"; bbox 0 0 2572 4424; ppageno 0'>
   <div class='ocr_carea' id='block_1_1' title="bbox 558 286 1170 354">
    <p class='ocr_par' dir='ltr' id='par_1_1' title="bbox 558 286 1170 354">
     <span class='ocr_line' id='line_1_1' title="bbox 558 286 1170 354; baseline 0 -14"><span class='ocrx_word' id='word_1_1' title='bbox 558 286 720 340; x_wconf 81' lang='lat' dir='ltr'>m.oa-oa.</span> <span class='ocrx_word' id='word_1_2' title='bbox 905 341 910 354; x_wconf 44' lang='grc'>,,</span> <span class='ocrx_word' id='word_1_3' title='bbox 1108 289 1170 353; x_wconf 78' lang='lat'>253</span> 
     </span>
    </p>
   </div>
   <div class='ocr_carea' id='block_1_2' title="bbox 104 441 1271 2229">
    <p class='ocr_par' dir='ltr' id='par_1_2' title="bbox 104 441 1271 2229">
     <span class='ocr_line' id='line_1_2' title="bbox 108 441 1171 522; baseline -0.001 -18"><span class='ocrx_word' id='word_1_4' title='bbox 108 487 120 496; x_wconf 81' lang='lat'>-·</span> <span class='ocrx_word' id='word_1_5' title='bbox 190 441 242 504; x_wconf 82' lang='lat'>95.</span> <span class='ocrx_word' id='word_1_6' title='bbox 258 441 366 505; x_wconf 85' lang='lat' dir='ltr'>Caesar</span> <span class='ocrx_word' id='word_1_7' title='bbox 380 442 570 521; x_wconf 77' lang='lat' dir='ltr'>Pompeianis</span> <span class='ocrx_word' id='word_1_8' title='bbox 586 461 622 504; x_wconf 82' lang='lat' dir='ltr'>er</span> <span class='ocrx_word' id='word_1_9' title='bbox 636 443 704 522; x_wconf 87' lang='lat' dir='ltr'>fuga</span> <span class='ocrx_word' id='word_1_10' title='bbox 719 442 796 504; x_wconf 88' lang='lat' dir='ltr'>intre</span> <span class='ocrx_word' id='word_1_11' title='bbox 812 443 918 505; x_wconf 88' lang='lat' dir='ltr'>vallum</span> <span class='ocrx_word' id='word_1_12' title='bbox 929 442 1091 522; x_wconf 80' lang='lat' dir='ltr'>compulsis</span> <span class='ocrx_word' id='word_1_13' title='bbox 1102 443 1171 504; x_wconf 84' lang='lat' dir='ltr'>nul-</span> 
     </span>
     <span class='ocr_line' id='line_1_3' title="bbox 104 527 1171 608; baseline 0 -20"><span class='ocrx_word' id='word_1_14' title='bbox 104 527 170 589; x_wconf 89' lang='lat' dir='ltr'>lum·</span> <span class='ocrx_word' id='word_1_15' title='bbox 180 527 309 606; x_wconf 83' lang='lat' dir='ltr'>spatium</span> <span class='ocrx_word' id='word_1_16' title='bbox 326 527 492 608; x_wconf 75' lang='lat' dir='ltr'>perterritis</span> <span class='ocrx_word' id='word_1_17' title='bbox 508 529 578 590; x_wconf 89' lang='lat' dir='ltr'>dare</span> <span class='ocrx_word' id='word_1_18' title='bbox 593 537 730 607; x_wconf 80' lang='lat' dir='ltr'><strong>oportere</strong></span> <span class='ocrx_word' id='word_1_19' title='bbox 751 529 925 591; x_wconf 81' lang='lat' dir='ltr'>existimans</span> <span class='ocrx_word' id='word_1_20' title='bbox 939 527 1047 589; x_wconf 83' lang='lat' dir='ltr'>milites</span> <span class='ocrx_word' id='word_1_21' title='bbox 1063 529 1171 590; x_wconf 84' lang='lat' dir='ltr'>cohor-</span> 
     </span>
     <span class='ocr_line' id='line_1_4' title="bbox 104 613 1168 694; baseline -0.001 -19"><span class='ocrx_word' id='word_1_22' title='bbox 104 620 182 675; x_wconf 84' lang='lat' dir='ltr'>tatus</span> <span class='ocrx_word' id='word_1_23' title='bbox 194 621 251 687; x_wconf 84' lang='lat' dir='ltr'>est,</span> <span class='ocrx_word' id='word_1_24' title='bbox 264 622 298 675; x_wconf 90' lang='lat' dir='ltr'>ut</span> <span class='ocrx_word' id='word_1_25' title='bbox 307 613 454 674; x_wconf 85' lang='lat' dir='ltr'>beneficio</span> <span class='ocrx_word' id='word_1_26' title='bbox 466 613 605 677; x_wconf 83' lang='lat' dir='ltr'>fortunae</span> <span class='ocrx_word' id='word_1_27' title='bbox 617 621 775 677; x_wconf 82' lang='lat' dir='ltr'>uterentur</span> <span class='ocrx_word' id='word_1_28' title='bbox 786 623 940 694; x_wconf 88' lang='lat' dir='ltr'>castraque</span> <span class='ocrx_word' id='word_1_29' title='bbox 951 622 1168 693; x_wconf 80' lang='lat' dir='ltr'>oppugnarent.</span> 
     </span>
     <span class='ocr_line' id='line_1_5' title="bbox 104 699 1168 778; baseline -0.001 -17"><span class='ocrx_word' id='word_1_30' title='bbox 104 699 171 772; x_wconf 82' lang='lat' dir='ltr'>Qui,</span> <span class='ocrx_word' id='word_1_31' title='bbox 198 699 257 761; x_wconf 88' lang='lat' dir='ltr'>etsi</span> <span class='ocrx_word' id='word_1_32' title='bbox 278 717 385 778; x_wconf 88' lang='lat' dir='ltr'>magno</span> <span class='ocrx_word' id='word_1_33' title='bbox 407 707 490 761; x_wconf 88' lang='lat' dir='ltr'>aestu</span> <span class='ocrx_word' id='word_1_34' title='bbox 512 700 595 775; x_wconf 81' lang='lat' dir='ltr'>(nam</span> <span class='ocrx_word' id='word_1_35' title='bbox 615 699 652 760; x_wconf 92' lang='lat' dir='ltr'>ad</span> <span class='ocrx_word' id='word_1_36' title='bbox 672 699 830 761; x_wconf 86' lang='lat' dir='ltr'>meridiem</span> <span class='ocrx_word' id='word_1_37' title='bbox 849 718 898 761; x_wconf 88' lang='lat' dir='ltr'>res</span> <span class='ocrx_word' id='word_1_38' title='bbox 920 708 983 760; x_wconf 88' lang='lat' dir='ltr'>erat</span> <span class='ocrx_word' id='word_1_39' title='bbox 1004 701 1117 778; x_wconf 90' lang='lat' dir='ltr'>perduc</span> <span class='ocrx_word' id='word_1_40' title='bbox 1146 702 1168 776; x_wconf 75' lang='lat' dir='ltr'>l,</span> 
     </span>
     <span class='ocr_line' id='line_1_6' title="bbox 104 784 1168 865; baseline -0.001 -20"><span class='ocrx_word' id='word_1_41' title='bbox 104 792 206 847; x_wconf 85' lang='lat' dir='ltr'>tamen</span> <span class='ocrx_word' id='word_1_42' title='bbox 231 784 270 845; x_wconf 88' lang='lat' dir='ltr'>ad</span> <span class='ocrx_word' id='word_1_43' title='bbox 295 802 417 847; x_wconf 89' lang='lat' dir='ltr'>omnem</span> <span class='ocrx_word' id='word_1_44' title='bbox 441 784 574 845; x_wconf 89' lang='lat' dir='ltr'>laborem</span> <span class='ocrx_word' id='word_1_45' title='bbox 595 784 695 846; x_wconf 90' lang='lat' dir='ltr'>animo</span> <span class='ocrx_word' id='word_1_46' title='bbox 721 785 816 865; x_wconf 88' lang='lat' dir='ltr'>parati</span> <span class='ocrx_word' id='word_1_47' title='bbox 842 784 968 863; x_wconf 88' lang='lat' dir='ltr'>imperio</span> <span class='ocrx_word' id='word_1_48' title='bbox 995 793 1168 864; x_wconf 88' lang='lat' dir='ltr'>paruerunt.</span> 
     </span>
     <span class='ocr_line' id='line_1_7' title="bbox 105 868 1205 950; baseline 0.001 -19"><span class='ocrx_word' id='word_1_49' title='bbox 105 868 207 933; x_wconf 83' lang='lat' dir='ltr'>Castra</span> <span class='ocrx_word' id='word_1_50' title='bbox 222 889 238 931; x_wconf 90' lang='lat' dir='ltr'>a</span> <span class='ocrx_word' id='word_1_51' title='bbox 253 869 437 943; x_wconf 78' lang='lat' dir='ltr'>cohortibus,</span> <span class='ocrx_word' id='word_1_52' title='bbox 458 888 536 948; x_wconf 90' lang='lat' dir='ltr'>quae</span> <span class='ocrx_word' id='word_1_53' title='bbox 550 869 591 930; x_wconf 93' lang='lat' dir='ltr'>ibi</span> <span class='ocrx_word' id='word_1_54' title='bbox 607 870 753 950; x_wconf 89' lang='lat' dir='ltr'>praesidio</span> <span class='ocrx_word' id='word_1_55' title='bbox 775 878 860 931; x_wconf 90' lang='lat' dir='ltr'>erant</span> <span class='ocrx_word' id='word_1_56' title='bbox 873 869 1000 943; x_wconf 82' lang='lat' dir='ltr'>relictae,</span> <span class='ocrx_word' id='word_1_57' title='bbox 1022 869 1170 933; x_wconf 90' lang='lat' dir='ltr'>industrie</span> <span class='ocrx_word' id='word_1_58' title='bbox 1191 883 1205 932; x_wconf 83' lang='lat'>2</span> 
     </span>
     <span class='ocr_line' id='line_1_8' title="bbox 106 954 1271 1036; baseline -0.001 -19"><span class='ocrx_word' id='word_1_59' title='bbox 106 954 357 1028; x_wconf 80' lang='lat' dir='ltr'>defendebantur,</span> <span class='ocrx_word' id='word_1_60' title='bbox 384 957 480 1017; x_wconf 91' lang='lat' dir='ltr'>multo</span> <span class='ocrx_word' id='word_1_61' title='bbox 506 954 594 1016; x_wconf 86' lang='lat' dir='ltr'>etiam</span> <span class='ocrx_word' id='word_1_62' title='bbox 620 957 716 1017; x_wconf 79' lang='lat' dir='ltr'>acrius</span> <span class='ocrx_word' id='word_1_63' title='bbox 742 974 759 1016; x_wconf 93' lang='lat' dir='ltr'>a</span> <span class='ocrx_word' id='word_1_64' title='bbox 785 955 948 1016; x_wconf 78' lang='lat' dir='ltr'>Threcibus</span> <span class='ocrx_word' id='word_1_65' title='bbox 975 954 1168 1036; x_wconf 89' lang='lat' dir='ltr'>barbarisque</span> <span class='ocrx_word' id='word_1_66' title='bbox 1267 969 1271 975; x_wconf 85' lang='lat'>&#39;</span> 
     </span>
     <span class='ocr_line' id='line_1_9' title="bbox 105 1038 1206 1120; baseline -0.001 -20"><span class='ocrx_word' id='word_1_67' title='bbox 105 1038 230 1103; x_wconf 67' lang='lat' dir='ltr'>sumne.</span> <span class='ocrx_word' id='word_1_68' title='bbox 261 1039 336 1101; x_wconf 89' lang='lat' dir='ltr'>Nam</span> <span class='ocrx_word' id='word_1_69' title='bbox 352 1041 404 1120; x_wconf 94' lang='lat' dir='ltr'>qni</span> <span class='ocrx_word' id='word_1_70' title='bbox 419 1040 480 1102; x_wconf 90' lang='lat' dir='ltr'>acie</span> <span class='ocrx_word' id='word_1_71' title='bbox 495 1040 666 1118; x_wconf 86' lang='lat' dir='ltr'>refugerant</span> <span class='ocrx_word' id='word_1_72' title='bbox 681 1040 800 1114; x_wconf 81' lang='lat' dir='ltr'>milites,</span> <span class='ocrx_word' id='word_1_73' title='bbox 816 1049 848 1101; x_wconf 90' lang='lat' dir='ltr'>et</span> <span class='ocrx_word' id='word_1_74' title='bbox 862 1040 962 1102; x_wconf 92' lang='lat' dir='ltr'>animo</span> <span class='ocrx_word' id='word_1_75' title='bbox 978 1040 1126 1119; x_wconf 89' lang='lat' dir='ltr'>perterriti</span> <span class='ocrx_word' id='word_1_76' title='bbox 1139 1048 1169 1102; x_wconf 89' lang='lat' dir='ltr'>et</span> <span class='ocrx_word' id='word_1_77' title='bbox 1190 1049 1206 1099; x_wconf 86' lang='lat'>3</span> 
     </span>
     <span class='ocr_line' id='line_1_10' title="bbox 104 1122 1169 1205; baseline 0 -19"><span class='ocrx_word' id='word_1_78' title='bbox 104 1122 278 1187; x_wconf 85' lang='lat' dir='ltr'>lassitudine</span> <span class='ocrx_word' id='word_1_79' title='bbox 292 1126 428 1199; x_wconf 86' lang='lat' dir='ltr'>conlecti,</span> <span class='ocrx_word' id='word_1_80' title='bbox 450 1125 551 1186; x_wconf 92' lang='lat' dir='ltr'>missis</span> <span class='ocrx_word' id='word_1_81' title='bbox 567 1126 700 1205; x_wconf 88' lang='lat' dir='ltr'>plerique</span> <span class='ocrx_word' id='word_1_82' title='bbox 717 1127 808 1189; x_wconf 89' lang='lat' dir='ltr'>armis</span> <span class='ocrx_word' id='word_1_83' title='bbox 824 1125 975 1204; x_wconf 77' lang='lat' dir='ltr'>signisque</span> <span class='ocrx_word' id='word_1_84' title='bbox 990 1125 1169 1189; x_wconf 89' lang='lat' dir='ltr'>militaribus</span> 
     </span>
     <span class='ocr_line' id='line_1_11' title="bbox 105 1209 1168 1290; baseline 0 -20"><span class='ocrx_word' id='word_1_85' title='bbox 105 1210 197 1288; x_wconf 87' lang='lat' dir='ltr'>magis</span> <span class='ocrx_word' id='word_1_86' title='bbox 214 1209 251 1271; x_wconf 91' lang='lat' dir='ltr'>de</span> <span class='ocrx_word' id='word_1_87' title='bbox 265 1210 377 1290; x_wconf 90' lang='lat' dir='ltr'>reliqua</span> <span class='ocrx_word' id='word_1_88' title='bbox 391 1210 460 1289; x_wconf 86' lang='lat' dir='ltr'>fuga</span> <span class='ocrx_word' id='word_1_89' title='bbox 472 1229 562 1290; x_wconf 88' lang='lat' dir='ltr'>quam</span> <span class='ocrx_word' id='word_1_90' title='bbox 578 1211 614 1271; x_wconf 89' lang='lat' dir='ltr'>de</span> <span class='ocrx_word' id='word_1_91' title='bbox 626 1214 791 1272; x_wconf 90' lang='lat' dir='ltr'>castrorum</span> <span class='ocrx_word' id='word_1_92' title='bbox 804 1209 979 1272; x_wconf 83' lang='lat' dir='ltr'>defensione</span> <span class='ocrx_word' id='word_1_93' title='bbox 991 1211 1168 1289; x_wconf 84' lang='lat' dir='ltr'>cogitabant.</span> 
     </span>
     <span class='ocr_line' id='line_1_12' title="bbox 106 1294 1206 1377; baseline -0.002 -21"><span class='ocrx_word' id='word_1_94' title='bbox 106 1294 210 1377; x_wconf 87' lang='lat' dir='ltr'>Neque</span> <span class='ocrx_word' id='word_1_95' title='bbox 219 1295 415 1370; x_wconf 87' lang='lat' dir='ltr'>verodiutius,</span> <span class='ocrx_word' id='word_1_96' title='bbox 423 1295 474 1375; x_wconf 91' lang='lat' dir='ltr'>qui</span> <span class='ocrx_word' id='word_1_97' title='bbox 481 1294 514 1355; x_wconf 90' lang='lat' dir='ltr'>in</span> <span class='ocrx_word' id='word_1_98' title='bbox 521 1295 1169 1370; x_wconf 83' lang='lat' dir='ltr'>valloconstiterant,multitudinemtelorum</span> <span class='ocrx_word' id='word_1_99' title='bbox 1190 1305 1206 1353; x_wconf 88' lang='grc'><strong>4</strong></span> 
     </span>
     <span class='ocr_line' id='line_1_13' title="bbox 106 1381 1172 1461; baseline -0.001 -19"><span class='ocrx_word' id='word_1_100' title='bbox 106 1381 258 1446; x_wconf 87' lang='lat' dir='ltr'>sustinere</span> <span class='ocrx_word' id='word_1_101' title='bbox 272 1388 445 1460; x_wconf 75' lang='lat' dir='ltr'>potnerunt,</span> <span class='ocrx_word' id='word_1_102' title='bbox 465 1381 518 1441; x_wconf 90' lang='lat' dir='ltr'>sed</span> <span class='ocrx_word' id='word_1_103' title='bbox 533 1381 661 1443; x_wconf 83' lang='lat' dir='ltr'>confecti</span> <span class='ocrx_word' id='word_1_104' title='bbox 675 1381 849 1444; x_wconf 86' lang='lat' dir='ltr'>vulneribus</span> <span class='ocrx_word' id='word_1_105' title='bbox 870 1383 968 1442; x_wconf 89' lang='lat' dir='ltr'>locum</span> <span class='ocrx_word' id='word_1_106' title='bbox 982 1381 1172 1461; x_wconf 89' lang='lat' dir='ltr'>reliquerunt</span> 
     </span>
     <span class='ocr_line' id='line_1_14' title="bbox 105 1466 1172 1546; baseline 0 -19"><span class='ocrx_word' id='word_1_107' title='bbox 105 1467 306 1546; x_wconf 86' lang='lat' dir='ltr'>protinusque</span> <span class='ocrx_word' id='word_1_108' title='bbox 321 1483 426 1528; x_wconf 88' lang='lat' dir='ltr'>omnes</span> <span class='ocrx_word' id='word_1_109' title='bbox 442 1466 568 1527; x_wconf 88' lang='lat' dir='ltr'>dueibns</span> <span class='ocrx_word' id='word_1_110' title='bbox 584 1467 633 1529; x_wconf 89' lang='lat' dir='ltr'>nsi</span> <span class='ocrx_word' id='word_1_111' title='bbox 647 1466 875 1529; x_wconf 80' lang='lat' dir='ltr'>centurionibus</span> <span class='ocrx_word' id='word_1_112' title='bbox 890 1466 1079 1546; x_wconf 85' lang='lat' dir='ltr'>tribunisque</span> <span class='ocrx_word' id='word_1_113' title='bbox 1095 1466 1172 1527; x_wconf 91' lang='lat' dir='ltr'>mili-</span> 
     </span>
     <span class='ocr_line' id='line_1_15' title="bbox 105 1551 1169 1632; baseline -0.001 -20"><span class='ocrx_word' id='word_1_114' title='bbox 105 1551 210 1613; x_wconf 91' lang='lat' dir='ltr'>tumin</span> <span class='ocrx_word' id='word_1_115' title='bbox 221 1551 381 1613; x_wconf 83' lang='lat' dir='ltr'>altissimos</span> <span class='ocrx_word' id='word_1_116' title='bbox 389 1560 519 1624; x_wconf 89' lang='lat' dir='ltr'>montes,</span> <span class='ocrx_word' id='word_1_117' title='bbox 533 1552 586 1632; x_wconf 93' lang='lat' dir='ltr'>qni</span> <span class='ocrx_word' id='word_1_118' title='bbox 597 1551 635 1613; x_wconf 91' lang='lat' dir='ltr'>ad</span> <span class='ocrx_word' id='word_1_119' title='bbox 646 1560 740 1614; x_wconf 87' lang='lat' dir='ltr'>eastra</span> <span class='ocrx_word' id='word_1_120' title='bbox 752 1552 951 1632; x_wconf 88' lang='lat' dir='ltr'>pertinebant,</span> <span class='ocrx_word' id='word_1_121' title='bbox 960 1552 1169 1630; x_wconf 86' lang='lat' dir='ltr'>confugerunt.</span> 
     </span>
     <span class='ocr_line' id='line_1_16' title="bbox 190 1636 1171 1716; baseline 0 -19"><span class='ocrx_word' id='word_1_122' title='bbox 190 1636 242 1697; x_wconf 82' lang='lat'>96.</span> <span class='ocrx_word' id='word_1_123' title='bbox 265 1637 300 1701; x_wconf 85' lang='lat' dir='ltr'>ln</span> <span class='ocrx_word' id='word_1_124' title='bbox 321 1636 425 1699; x_wconf 86' lang='lat' dir='ltr'>eastris</span> <span class='ocrx_word' id='word_1_125' title='bbox 440 1636 565 1716; x_wconf 87' lang='lat' dir='ltr'>Pompei</span> <span class='ocrx_word' id='word_1_126' title='bbox 585 1637 685 1700; x_wconf 89' lang='lat' dir='ltr'>videre</span> <span class='ocrx_word' id='word_1_127' title='bbox 700 1637 785 1698; x_wconf 90' lang='lat' dir='ltr'>licuit</span> <span class='ocrx_word' id='word_1_128' title='bbox 806 1637 935 1699; x_wconf 87' lang='lat' dir='ltr'>trichilas</span> <span class='ocrx_word' id='word_1_129' title='bbox 951 1644 1088 1710; x_wconf 88' lang='lat' dir='ltr'>structas,</span> <span class='ocrx_word' id='word_1_130' title='bbox 1106 1655 1171 1697; x_wconf 94' lang='lat' dir='ltr'>ma-</span> 
     </span>
     <span class='ocr_line' id='line_1_17' title="bbox 105 1721 1171 1802; baseline 0 -18"><span class='ocrx_word' id='word_1_131' title='bbox 105 1738 196 1800; x_wconf 85' lang='lat' dir='ltr'>gnum</span> <span class='ocrx_word' id='word_1_132' title='bbox 211 1721 326 1800; x_wconf 83' lang='lat' dir='ltr'>argenti</span> <span class='ocrx_word' id='word_1_133' title='bbox 338 1723 456 1801; x_wconf 89' lang='lat' dir='ltr'>pondus</span> <span class='ocrx_word' id='word_1_134' title='bbox 472 1722 652 1801; x_wconf 79' lang='lat' dir='ltr'>expositum,</span> <span class='ocrx_word' id='word_1_135' title='bbox 667 1722 840 1784; x_wconf 88' lang='lat' dir='ltr'>recentibus</span> <span class='ocrx_word' id='word_1_136' title='bbox 856 1721 1018 1802; x_wconf 83' lang='lat' dir='ltr'>cespitibus</span> <span class='ocrx_word' id='word_1_137' title='bbox 1033 1721 1171 1784; x_wconf 76' lang='lat' dir='ltr'>amoma-</span> 
     </span>
     <span class='ocr_line' id='line_1_18' title="bbox 106 1806 1170 1879; baseline -0.002 -10"><span class='ocrx_word' id='word_1_138' title='bbox 106 1807 171 1869; x_wconf 91' lang='lat' dir='ltr'>cnla</span> <span class='ocrx_word' id='word_1_139' title='bbox 184 1815 347 1879; x_wconf 87' lang='lat' dir='ltr'>constrata,</span> <span class='ocrx_word' id='word_1_140' title='bbox 361 1807 445 1869; x_wconf 89' lang='lat' dir='ltr'>Lucii</span> <span class='ocrx_word' id='word_1_141' title='bbox 460 1807 551 1869; x_wconf 88' lang='lat' dir='ltr'>etiam</span> <span class='ocrx_word' id='word_1_142' title='bbox 565 1808 686 1871; x_wconf 87' lang='lat' dir='ltr'>Lentuli</span> <span class='ocrx_word' id='word_1_143' title='bbox 701 1817 731 1869; x_wconf 90' lang='lat' dir='ltr'>et</span> <span class='ocrx_word' id='word_1_144' title='bbox 745 1809 961 1873; x_wconf 89' lang='lat' dir='ltr'>nonnullorum</span> <span class='ocrx_word' id='word_1_145' title='bbox 981 1806 1170 1868; x_wconf 87' lang='lat' dir='ltr'>tabernacula</span> 
     </span>
     <span class='ocr_line' id='line_1_19' title="bbox 104 1892 1171 1973; baseline 0.002 -21"><span class='ocrx_word' id='word_1_146' title='bbox 104 1900 240 1971; x_wconf 84' lang='lat' dir='ltr'>protecta</span> <span class='ocrx_word' id='word_1_147' title='bbox 250 1892 347 1965; x_wconf 89' lang='lat' dir='ltr'>edera,</span> <span class='ocrx_word' id='word_1_148' title='bbox 359 1894 512 1973; x_wconf 87' lang='lat' dir='ltr'>multaque</span> <span class='ocrx_word' id='word_1_149' title='bbox 524 1901 687 1973; x_wconf 89' lang='lat' dir='ltr'>praeterea,</span> <span class='ocrx_word' id='word_1_150' title='bbox 704 1913 778 1973; x_wconf 87' lang='lat' dir='ltr'>quae</span> <span class='ocrx_word' id='word_1_151' title='bbox 791 1893 913 1955; x_wconf 84' lang='lat' dir='ltr'>nimiam</span> <span class='ocrx_word' id='word_1_152' title='bbox 925 1892 1072 1954; x_wconf 83' lang='lat' dir='ltr'>luxuriam</span> <span class='ocrx_word' id='word_1_153' title='bbox 1085 1901 1115 1953; x_wconf 90' lang='lat' dir='ltr'>et</span> <span class='ocrx_word' id='word_1_154' title='bbox 1127 1892 1171 1954; x_wconf 87' lang='lat' dir='ltr'>vi-</span> 
     </span>
     <span class='ocr_line' id='line_1_20' title="bbox 104 1976 1171 2059; baseline 0 -21"><span class='ocrx_word' id='word_1_155' title='bbox 104 1977 216 2039; x_wconf 85' lang='lat' dir='ltr'>ctoriae</span> <span class='ocrx_word' id='word_1_156' title='bbox 230 1976 369 2041; x_wconf 65' lang='lat' dir='ltr'>fidenam</span> <span class='ocrx_word' id='word_1_157' title='bbox 381 1978 582 2057; x_wconf 82' lang='lat' dir='ltr'>designarent,</span> <span class='ocrx_word' id='word_1_158' title='bbox 598 1986 634 2039; x_wconf 88' lang='lat' dir='ltr'>ut</span> <span class='ocrx_word' id='word_1_159' title='bbox 644 1979 728 2040; x_wconf 85' lang='lat' dir='ltr'>facile</span> <span class='ocrx_word' id='word_1_160' title='bbox 740 1977 903 2040; x_wconf 85' lang='lat' dir='ltr'>existimari</span> <span class='ocrx_word' id='word_1_161' title='bbox 916 1985 1021 2059; x_wconf 85' lang='lat' dir='ltr'>posset</span> <span class='ocrx_word' id='word_1_162' title='bbox 1031 1977 1107 2040; x_wconf 92' lang='lat' dir='ltr'>nihil</span> <span class='ocrx_word' id='word_1_163' title='bbox 1118 1996 1171 2038; x_wconf 84' lang='lat' dir='ltr'>cos</span> 
     </span>
     <span class='ocr_line' id='line_1_21' title="bbox 105 2059 1175 2143; baseline -0.003 -18"><span class='ocrx_word' id='word_1_164' title='bbox 105 2062 141 2125; x_wconf 84' lang='lat' dir='ltr'>de</span> <span class='ocrx_word' id='word_1_165' title='bbox 155 2071 268 2127; x_wconf 78' lang='lat' dir='ltr'>eventu</span> <span class='ocrx_word' id='word_1_166' title='bbox 283 2063 348 2125; x_wconf 88' lang='lat' dir='ltr'>eius</span> <span class='ocrx_word' id='word_1_167' title='bbox 368 2063 429 2125; x_wconf 89' lang='lat' dir='ltr'>diei</span> <span class='ocrx_word' id='word_1_168' title='bbox 438 2064 587 2138; x_wconf 89' lang='lat' dir='ltr'>timuisse,</span> <span class='ocrx_word' id='word_1_169' title='bbox 608 2065 736 2143; x_wconf 92' lang='lat' dir='ltr'>quinon</span> <span class='ocrx_word' id='word_1_170' title='bbox 756 2065 938 2127; x_wconf 86' lang='lat' dir='ltr'>necessarias</span> <span class='ocrx_word' id='word_1_171' title='bbox 959 2059 1175 2142; x_wconf 86' lang='lat' dir='ltr'>conquirerent</span> 
     </span>
     <span class='ocr_line' id='line_1_22' title="bbox 106 2147 1207 2229; baseline -0.001 -20"><span class='ocrx_word' id='word_1_172' title='bbox 106 2149 284 2228; x_wconf 88' lang='lat' dir='ltr'>voluptates.</span> <span class='ocrx_word' id='word_1_173' title='bbox 314 2148 352 2208; x_wconf 77' lang='lat' dir='ltr'>Aa</span> <span class='ocrx_word' id='word_1_174' title='bbox 366 2148 399 2210; x_wconf 93' lang='lat' dir='ltr'>hi</span> <span class='ocrx_word' id='word_1_175' title='bbox 413 2149 584 2210; x_wconf 90' lang='lat' dir='ltr'>miserrimo</span> <span class='ocrx_word' id='word_1_176' title='bbox 605 2168 639 2210; x_wconf 89' lang='lat' dir='ltr'>ae</span> <span class='ocrx_word' id='word_1_177' title='bbox 653 2148 871 2229; x_wconf 88' lang='lat' dir='ltr'>patientissimo</span> <span class='ocrx_word' id='word_1_178' title='bbox 888 2148 1021 2211; x_wconf 84' lang='lat' dir='ltr'>exercitu</span> <span class='ocrx_word' id='word_1_179' title='bbox 1036 2147 1169 2210; x_wconf 83' lang='lat' dir='ltr'>Caesaris</span> <span class='ocrx_word' id='word_1_180' title='bbox 1192 2159 1207 2208; x_wconf 82' lang='lat'>2</span> 
     </span>
    </p>
   </div>
   <div class='ocr_carea' id='block_1_3' title="bbox 98 2266 1174 4045">
    <p class='ocr_par' dir='ltr' id='par_1_3' title="bbox 98 2266 1174 4045">
     <span class='ocr_line' id='line_1_23' title="bbox 105 2266 1172 2338; baseline 0.003 -20"><span class='ocrx_word' id='word_1_181' title='bbox 105 2269 149 2319; x_wconf 88' lang='lat' dir='ltr'>der</span> <span class='ocrx_word' id='word_1_182' title='bbox 166 2266 257 2320; x_wconf 81' lang='lat' dir='ltr'>Plnral</span> <span class='ocrx_word' id='word_1_183' title='bbox 272 2282 360 2319; x_wconf 75' lang='lat' dir='ltr'>rerum</span> <span class='ocrx_word' id='word_1_184' title='bbox 375 2284 397 2319; x_wconf 86' lang='lat' dir='ltr'>z.</span> <span class='ocrx_word' id='word_1_185' title='bbox 415 2269 442 2320; x_wconf 89' lang='lat' dir='ltr'>B.</span> <span class='ocrx_word' id='word_1_186' title='bbox 461 2286 483 2319; x_wconf 91' lang='lat' dir='ltr'>c.</span> <span class='ocrx_word' id='word_1_187' title='bbox 496 2269 537 2331; x_wconf 83' lang='grc'>51,</span> <span class='ocrx_word' id='word_1_188' title='bbox 554 2269 570 2317; x_wconf 84' lang='grc'>4</span> <span class='ocrx_word' id='word_1_189' title='bbox 588 2285 611 2318; x_wconf 92' lang='lat' dir='ltr'>u.</span> <span class='ocrx_word' id='word_1_190' title='bbox 666 2284 793 2334; x_wconf 71' lang='lat' dir='ltr'>magnum</span> <span class='ocrx_word' id='word_1_191' title='bbox 816 2273 922 2335; x_wconf 70' lang='lat' dir='ltr'>argeste·</span> <span class='ocrx_word' id='word_1_192' title='bbox 942 2269 1044 2338; x_wconf 80' lang='lat' dir='ltr'>pondus</span> <span class='ocrx_word' id='word_1_193' title='bbox 1070 2271 1172 2336; x_wconf 75' lang='lat' dir='ltr'>empost-</span> 
     </span>
     <span class='ocr_line' id='line_1_24' title="bbox 104 2333 1171 2406; baseline 0.002 -19"><span class='ocrx_word' id='word_1_194' title='bbox 104 2334 175 2395; x_wconf 68' lang='grc' dir='ltr'>Η.</span> <span class='ocrx_word' id='word_1_195' title='bbox 191 2336 218 2401; x_wconf 82' lang='grc'>6,</span> <span class='ocrx_word' id='word_1_196' title='bbox 237 2335 278 2406; x_wconf 92' lang='grc' dir='ltr'>11,Ι</span> <span class='ocrx_word' id='word_1_197' title='bbox 294 2336 309 2386; x_wconf 90' lang='grc'><strong>3</strong></span> <span class='ocrx_word' id='word_1_198' title='bbox 326 2336 401 2388; x_wconf 86' lang='lat' dir='ltr'>einen</span> <span class='ocrx_word' id='word_1_199' title='bbox 419 2352 484 2401; x_wconf 82' lang='lat' dir='ltr'>ganz</span> <span class='ocrx_word' id='word_1_200' title='bbox 501 2337 612 2388; x_wconf 85' lang='lat' dir='ltr'>anderen</span> <span class='ocrx_word' id='word_1_201' title='bbox 665 2341 722 2389; x_wconf 83' lang='lat' dir='ltr'>tum</span> <span class='ocrx_word' id='word_1_202' title='bbox 737 2338 804 2389; x_wconf 81' lang='lat' dir='ltr'>Plut.</span> <span class='ocrx_word' id='word_1_203' title='bbox 822 2337 906 2405; x_wconf 87' lang='lat' dir='ltr'>Pomp.</span> <span class='ocrx_word' id='word_1_204' title='bbox 927 2339 970 2390; x_wconf 81' lang='lat'>72:</span> <span class='ocrx_word' id='word_1_205' title='bbox 989 2339 1070 2389; x_wconf 81' lang='grc' dir='ltr'><strong><em>πᾶσα</em></strong></span> <span class='ocrx_word' id='word_1_206' title='bbox 1088 2333 1171 2404; x_wconf 78' lang='grc' dir='ltr'><em>σκηνὴ</em></span> 
     </span>
     <span class='ocr_line' id='line_1_25' title="bbox 105 2400 1173 2479; baseline -0.001 -22"><span class='ocrx_word' id='word_1_207' title='bbox 105 2404 175 2472; x_wconf 75' lang='lat' dir='ltr'>Sina,</span> <span class='ocrx_word' id='word_1_208' title='bbox 184 2403 309 2457; x_wconf 76' lang='lat' dir='ltr'>undoben</span> <span class='ocrx_word' id='word_1_209' title='bbox 321 2405 393 2468; x_wconf 81' lang='lat'>1,21,</span> <span class='ocrx_word' id='word_1_210' title='bbox 403 2405 419 2456; x_wconf 89' lang='grc'>6</span> <span class='ocrx_word' id='word_1_211' title='bbox 429 2405 613 2457; x_wconf 73' lang='lat' dir='ltr'>beidbnlicher</span> <span class='ocrx_word' id='word_1_212' title='bbox 665 2433 700 2442; x_wconf 91' lang='lat'>-</span> <span class='ocrx_word' id='word_1_213' title='bbox 717 2400 819 2479; x_wconf 72' lang='grc' dir='ltr'><strong><em>ἤσκῃτο</em></strong></span> <span class='ocrx_word' id='word_1_214' title='bbox 839 2406 983 2475; x_wconf 72' lang='grc' dir='ltr'><strong><em>τραπέζαις</em></strong></span> <span class='ocrx_word' id='word_1_215' title='bbox 1005 2403 1173 2475; x_wconf 75' lang='grc' dir='ltr'><strong><em>ἐκπωμάτων</em></strong></span> 
     </span>
     <span class='ocr_line' id='line_1_26' title="bbox 104 2469 1172 2547; baseline 0 -22"><span class='ocrx_word' id='word_1_216' title='bbox 104 2472 261 2538; x_wconf 73' lang='lat' dir='ltr'>Bcdcutung,</span> <span class='ocrx_word' id='word_1_217' title='bbox 277 2471 616 2538; x_wconf 56' lang='lat' dir='ltr'>mencenenterius</span> <span class='ocrx_word' id='word_1_218' title='bbox 665 2477 777 2542; x_wconf 69' lang='grc' dir='ltr'><strong><em>μεσταῖς</em></strong></span> <span class='ocrx_word' id='word_1_219' title='bbox 788 2473 834 2524; x_wconf 81' lang='grc' dir='ltr'>καὶ</span> <span class='ocrx_word' id='word_1_220' title='bbox 849 2475 977 2547; x_wconf 77' lang='grc' dir='ltr'><strong><em>κρατῆρες</em></strong></span> <span class='ocrx_word' id='word_1_221' title='bbox 989 2477 1066 2526; x_wconf 79' lang='grc' dir='ltr'>οἴνου</span> <span class='ocrx_word' id='word_1_222' title='bbox 1083 2469 1172 2543; x_wconf 77' lang='grc' dir='ltr'>προῦ-</span> 
     </span>
     <span class='ocr_line' id='line_1_27' title="bbox 104 2540 1170 2606; baseline 0 -14"><span class='ocrx_word' id='word_1_223' title='bbox 104 2540 242 2606; x_wconf 78' lang='lat' dir='ltr'>folgenden</span> <span class='ocrx_word' id='word_1_224' title='bbox 258 2541 347 2592; x_wconf 77' lang='lat' dir='ltr'>sciren</span> <span class='ocrx_word' id='word_1_225' title='bbox 364 2548 442 2604; x_wconf 76' lang='lat' dir='ltr'>guter</span> <span class='ocrx_word' id='word_1_226' title='bbox 455 2540 543 2593; x_wconf 86' lang='lat' dir='ltr'>Grnnd</span> <span class='ocrx_word' id='word_1_227' title='bbox 560 2544 613 2592; x_wconf 81' lang='lat' dir='ltr'>het.</span> <span class='ocrx_word' id='word_1_228' title='bbox 666 2557 752 2593; x_wconf 80' lang='grc' dir='ltr'><strong><em>κειντο</em></strong></span> <span class='ocrx_word' id='word_1_229' title='bbox 769 2558 794 2591; x_wconf 90' lang='lat' dir='ltr'>u.</span> <span class='ocrx_word' id='word_1_230' title='bbox 811 2557 832 2591; x_wconf 89' lang='lat' dir='ltr'>s.</span> <span class='ocrx_word' id='word_1_231' title='bbox 849 2557 883 2592; x_wconf 88' lang='lat' dir='ltr'>w.</span> <span class='ocrx_word' id='word_1_232' title='bbox 900 2569 935 2579; x_wconf 88' lang='lat'><em>-</em></span> <span class='ocrx_word' id='word_1_233' title='bbox 948 2542 1051 2594; x_wconf 75' lang='lat' dir='ltr'>Lentuli</span> <span class='ocrx_word' id='word_1_234' title='bbox 1063 2547 1088 2593; x_wconf 87' lang='lat' dir='ltr'>et</span> <span class='ocrx_word' id='word_1_235' title='bbox 1106 2558 1170 2593; x_wconf 81' lang='lat' dir='ltr'>non-</span> 
     </span>
     <span class='ocr_line' id='line_1_28' title="bbox 105 2607 1172 2675; baseline -0.001 -14"><span class='ocrx_word' id='word_1_236' title='bbox 105 2607 213 2661; x_wconf 77' lang='lat' dir='ltr'>Summa</span> <span class='ocrx_word' id='word_1_237' title='bbox 230 2611 270 2660; x_wconf 84' lang='lat' dir='ltr'>rei</span> <span class='ocrx_word' id='word_1_238' title='bbox 283 2609 371 2659; x_wconf 84' lang='lat' dir='ltr'>wiirde</span> <span class='ocrx_word' id='word_1_239' title='bbox 390 2610 458 2660; x_wconf 83' lang='lat' dir='ltr'>sein:</span> <span class='ocrx_word' id='word_1_240' title='bbox 476 2610 517 2660; x_wconf 89' lang='lat' dir='ltr'>die</span> <span class='ocrx_word' id='word_1_241' title='bbox 533 2610 613 2661; x_wconf 86' lang='lat' dir='ltr'>letzte</span> <span class='ocrx_word' id='word_1_242' title='bbox 665 2608 793 2660; x_wconf 68' lang='lat' dir='ltr'>nullom</span> <span class='ocrx_word' id='word_1_243' title='bbox 808 2611 857 2660; x_wconf 79' lang='lat' dir='ltr'>tao.</span> <span class='ocrx_word' id='word_1_244' title='bbox 876 2610 926 2660; x_wconf 84' lang='lat' dir='ltr'>wir</span> <span class='ocrx_word' id='word_1_245' title='bbox 943 2612 1002 2661; x_wconf 89' lang='lat' dir='ltr'>‘und</span> <span class='ocrx_word' id='word_1_246' title='bbox 1014 2610 1115 2675; x_wconf 78' lang='lat' dir='ltr'>einiger</span> <span class='ocrx_word' id='word_1_247' title='bbox 1126 2627 1172 2661; x_wconf 79' lang='lat' dir='ltr'>an·</span> 
     </span>
     <span class='ocr_line' id='line_1_29' title="bbox 105 2675 1173 2742; baseline -0.003 -12"><span class='ocrx_word' id='word_1_248' title='bbox 105 2677 306 2742; x_wconf 73' lang='lat' dir='ltr'>Entseheidnng,</span> <span class='ocrx_word' id='word_1_249' title='bbox 318 2678 365 2728; x_wconf 85' lang='lat' dir='ltr'>der</span> <span class='ocrx_word' id='word_1_250' title='bbox 375 2676 498 2742; x_wconf 82' lang='lat' dir='ltr'>Ausgang</span> <span class='ocrx_word' id='word_1_251' title='bbox 508 2678 555 2729; x_wconf 89' lang='lat' dir='ltr'>der</span> <span class='ocrx_word' id='word_1_252' title='bbox 566 2677 613 2729; x_wconf 80' lang='lat' dir='ltr'>Sa·</span> <span class='ocrx_word' id='word_1_253' title='bbox 666 2677 757 2729; x_wconf 89' lang='lat' dir='ltr'>derer.’</span> <span class='ocrx_word' id='word_1_254' title='bbox 770 2678 797 2727; x_wconf 88' lang='lat' dir='ltr'>B.</span> <span class='ocrx_word' id='word_1_255' title='bbox 809 2675 839 2728; x_wconf 84' lang='lat' dir='ltr'>G.</span> <span class='ocrx_word' id='word_1_256' title='bbox 849 2679 874 2742; x_wconf 88' lang='grc'>6,</span> <span class='ocrx_word' id='word_1_257' title='bbox 884 2679 925 2742; x_wconf 81' lang='lat'>24,</span> <span class='ocrx_word' id='word_1_258' title='bbox 935 2679 963 2729; x_wconf 80' lang='lat'>2:</span> <span class='ocrx_word' id='word_1_259' title='bbox 975 2678 1140 2733; x_wconf 75' lang='lat' dir='ltr'>Eratostheni</span> <span class='ocrx_word' id='word_1_260' title='bbox 1148 2682 1173 2728; x_wconf 89' lang='lat' dir='ltr'>et</span> 
     </span>
     <span class='ocr_line' id='line_1_30' title="bbox 105 2743 1172 2813; baseline -0.003 -14"><span class='ocrx_word' id='word_1_261' title='bbox 105 2748 163 2812; x_wconf 76' lang='lat' dir='ltr'>obe,</span> <span class='ocrx_word' id='word_1_262' title='bbox 179 2747 228 2805; x_wconf 84' lang='lat' dir='ltr'>des</span> <span class='ocrx_word' id='word_1_263' title='bbox 240 2743 375 2813; x_wconf 78' lang='lat' dir='ltr'>Ramples,</span> <span class='ocrx_word' id='word_1_264' title='bbox 392 2762 494 2797; x_wconf 74' lang='lat' dir='ltr'>mmme</span> <span class='ocrx_word' id='word_1_265' title='bbox 507 2761 550 2796; x_wconf 83' lang='lat' dir='ltr'>ree</span> <span class='ocrx_word' id='word_1_266' title='bbox 562 2745 613 2796; x_wconf 88' lang='lat' dir='ltr'>‘die</span> <span class='ocrx_word' id='word_1_267' title='bbox 666 2745 818 2811; x_wconf 63' lang='lat' dir='ltr'>quibnmam</span> <span class='ocrx_word' id='word_1_268' title='bbox 836 2745 944 2798; x_wconf 76' lang='lat' dir='ltr'>Graecis.</span> <span class='ocrx_word' id='word_1_269' title='bbox 973 2746 1007 2797; x_wconf 87' lang='lat' dir='ltr'>So</span> <span class='ocrx_word' id='word_1_270' title='bbox 1023 2746 1088 2796; x_wconf 87' lang='lat' dir='ltr'>wird</span> <span class='ocrx_word' id='word_1_271' title='bbox 1105 2746 1172 2796; x_wconf 78' lang='lat' dir='ltr'>attus</span> 
     </span>
     <span class='ocr_line' id='line_1_31' title="bbox 105 2812 1173 2880; baseline -0.003 -13"><span class='ocrx_word' id='word_1_272' title='bbox 105 2813 186 2867; x_wconf 65' lang='lat' dir='ltr'>Snus</span> <span class='ocrx_word' id='word_1_273' title='bbox 211 2812 258 2865; x_wconf 74' lang='lat' dir='ltr'>sul</span> <span class='ocrx_word' id='word_1_274' title='bbox 279 2815 328 2865; x_wconf 82' lang='lat' dir='ltr'>den</span> <span class='ocrx_word' id='word_1_275' title='bbox 350 2812 517 2880; x_wconf 81' lang='lat' dir='ltr'>Giplelpnnlrt</span> <span class='ocrx_word' id='word_1_276' title='bbox 542 2815 613 2865; x_wconf 87' lang='lat' dir='ltr'>ihrer</span> <span class='ocrx_word' id='word_1_277' title='bbox 666 2815 805 2866; x_wconf 85' lang='lat' dir='ltr'>besonders</span> <span class='ocrx_word' id='word_1_278' title='bbox 824 2814 870 2875; x_wconf 20' lang='lat' dir='ltr'>bei,</span> <span class='ocrx_word' id='word_1_279' title='bbox 884 2829 970 2865; x_wconf 83' lang='lat' dir='ltr'>cum-</span> <span class='ocrx_word' id='word_1_280' title='bbox 987 2818 1055 2877; x_wconf 84' lang='lat' dir='ltr'>tum,</span> <span class='ocrx_word' id='word_1_281' title='bbox 1074 2817 1099 2864; x_wconf 87' lang='lat' dir='ltr'>et</span> <span class='ocrx_word' id='word_1_282' title='bbox 1114 2818 1173 2864; x_wconf 86' lang='lat' dir='ltr'>-at</span> 
     </span>
     <span class='ocr_line' id='line_1_32' title="bbox 105 2880 1172 2949; baseline -0.003 -14"><span class='ocrx_word' id='word_1_283' title='bbox 105 2881 296 2946; x_wconf 65' lang='lat' dir='ltr'>Entecheidung</span> <span class='ocrx_word' id='word_1_284' title='bbox 318 2882 466 2946; x_wconf 69' lang='lat' dir='ltr'>gettieben3</span> <span class='ocrx_word' id='word_1_285' title='bbox 490 2881 613 2948; x_wconf 63' lang='lat' dir='ltr'>deffldere</span> <span class='ocrx_word' id='word_1_286' title='bbox 665 2882 943 2947; x_wconf 76' lang='lat' dir='ltr'>baiuligweggelasscn.</span> <span class='ocrx_word' id='word_1_287' title='bbox 970 2882 1021 2934; x_wconf 85' lang='lat' dir='ltr'>Cic.</span> <span class='ocrx_word' id='word_1_288' title='bbox 1034 2898 1057 2949; x_wconf 88' lang='lat' dir='ltr'>p.</span> <span class='ocrx_word' id='word_1_289' title='bbox 1071 2880 1172 2933; x_wconf 82' lang='lat' dir='ltr'>Cluent.</span> 
     </span>
     <span class='ocr_line' id='line_1_33' title="bbox 105 2948 1170 3016; baseline -0.003 -13"><span class='ocrx_word' id='word_1_290' title='bbox 105 2967 221 3003; x_wconf 65' lang='lat' dir='ltr'>ammae</span> <span class='ocrx_word' id='word_1_291' title='bbox 237 2953 290 3001; x_wconf 79' lang='lat' dir='ltr'>rai:</span> <span class='ocrx_word' id='word_1_292' title='bbox 307 2951 379 3003; x_wconf 85' lang='lat' dir='ltr'>nieht</span> <span class='ocrx_word' id='word_1_293' title='bbox 397 2951 487 3016; x_wconf 69' lang='lat' dir='ltr'>hodon,</span> <span class='ocrx_word' id='word_1_294' title='bbox 500 2953 559 3002; x_wconf 77' lang='lat' dir='ltr'>dass</span> <span class='ocrx_word' id='word_1_295' title='bbox 571 2951 613 3001; x_wconf 87' lang='lat' dir='ltr'>die</span> <span class='ocrx_word' id='word_1_296' title='bbox 667 2952 709 3014; x_wconf 83' lang='lat'>51,</span> <span class='ocrx_word' id='word_1_297' title='bbox 733 2951 791 3001; x_wconf 84' lang='lat'>140:</span> <span class='ocrx_word' id='word_1_298' title='bbox 813 2965 872 3000; x_wconf 81' lang='lat' dir='ltr'>cum</span> <span class='ocrx_word' id='word_1_299' title='bbox 891 2949 1041 3016; x_wconf 69' lang='lat' dir='ltr'>mallerten,</span> <span class='ocrx_word' id='word_1_300' title='bbox 1066 2955 1121 3003; x_wconf 77' lang='lat' dir='ltr'>ham</span> <span class='ocrx_word' id='word_1_301' title='bbox 1141 2948 1170 3001; x_wconf 83' lang='lat' dir='ltr'>L.</span> 
     </span>
     <span class='ocr_line' id='line_1_34' title="bbox 105 3017 1174 3084; baseline -0.001 -13"><span class='ocrx_word' id='word_1_302' title='bbox 105 3019 200 3083; x_wconf 78' lang='lat' dir='ltr'>Seciae,</span> <span class='ocrx_word' id='word_1_303' title='bbox 217 3018 287 3084; x_wconf 85' lang='lat' dir='ltr'>jetzt</span> <span class='ocrx_word' id='word_1_304' title='bbox 307 3018 353 3070; x_wconf 76' lang='lat' dir='ltr'>aul</span> <span class='ocrx_word' id='word_1_305' title='bbox 370 3019 417 3069; x_wconf 87' lang='lat' dir='ltr'>den</span> <span class='ocrx_word' id='word_1_306' title='bbox 439 3017 522 3070; x_wconf 88' lang='lat' dir='ltr'>Pnnkt</span> <span class='ocrx_word' id='word_1_307' title='bbox 542 3019 614 3069; x_wconf 88' lang='lat' dir='ltr'>ihrer</span> <span class='ocrx_word' id='word_1_308' title='bbox 670 3019 757 3071; x_wconf 74' lang='lat' dir='ltr'>Crassi</span> <span class='ocrx_word' id='word_1_309' title='bbox 793 3021 971 3070; x_wconf 62' lang='lat' dir='ltr'>cosmatem</span> <span class='ocrx_word' id='word_1_310' title='bbox 1005 3034 1107 3084; x_wconf 66' lang='lat' dir='ltr'>seqnoeq</span> <span class='ocrx_word' id='word_1_311' title='bbox 1145 3019 1174 3071; x_wconf 90' lang='lat' dir='ltr'>in</span> 
     </span>
     <span class='ocr_line' id='line_1_35' title="bbox 105 3085 1174 3154; baseline 0 -15"><span class='ocrx_word' id='word_1_312' title='bbox 105 3087 614 3151; x_wconf 69' lang='lat' dir='ltr'>Enmcheidnngerhoben,einegiinstige</span> <span class='ocrx_word' id='word_1_313' title='bbox 667 3087 745 3139; x_wconf 79' lang='lat' dir='ltr'>Verr..</span> <span class='ocrx_word' id='word_1_314' title='bbox 759 3088 785 3151; x_wconf 90' lang='lat'>4,</span> <span class='ocrx_word' id='word_1_315' title='bbox 803 3085 845 3151; x_wconf 86' lang='grc'>66,</span> <span class='ocrx_word' id='word_1_316' title='bbox 864 3087 925 3138; x_wconf 82' lang='lat'>147:</span> <span class='ocrx_word' id='word_1_317' title='bbox 941 3103 1000 3138; x_wconf 74' lang='lat' dir='ltr'>mam</span> <span class='ocrx_word' id='word_1_318' title='bbox 1010 3087 1103 3154; x_wconf 81' lang='lat' dir='ltr'>multo,</span> <span class='ocrx_word' id='word_1_319' title='bbox 1118 3092 1174 3139; x_wconf 85' lang='lat' dir='ltr'>tum</span> 
     </span>
     <span class='ocr_line' id='line_1_36' title="bbox 108 3155 1174 3220; baseline 0 -13"><span class='ocrx_word' id='word_1_320' title='bbox 108 3155 467 3220; x_wconf 79' lang='lat' dir='ltr'>Wendnngnehmenwerde¹</span> <span class='ocrx_word' id='word_1_321' title='bbox 480 3155 552 3209; x_wconf 84' lang='lat' dir='ltr'>llcld.</span> <span class='ocrx_word' id='word_1_322' title='bbox 588 3172 614 3201; x_wconf 91' lang='lat'>.·</span> <span class='ocrx_word' id='word_1_323' title='bbox 666 3156 1174 3208; x_wconf 63' lang='grc' dir='ltr'><strong><em>ααααὴοααωαηααὺιίάίααα-ααα-</em></strong></span> 
     </span>
     <span class='ocr_line' id='line_1_37' title="bbox 110 3218 1172 3291; baseline -0.002 -15"><span class='ocrx_word' id='word_1_324' title='bbox 110 3277 113 3281; x_wconf 70' lang='lat'>,</span> <span class='ocrx_word' id='word_1_325' title='bbox 138 3223 227 3283; x_wconf 77' lang='lat' dir='ltr'>Usbcr</span> <span class='ocrx_word' id='word_1_326' title='bbox 241 3218 283 3274; x_wconf 87' lang='lat' dir='ltr'>die</span> <span class='ocrx_word' id='word_1_327' title='bbox 307 3223 436 3287; x_wconf 72' lang='lat' dir='ltr'>kldgliclre</span> <span class='ocrx_word' id='word_1_328' title='bbox 453 3222 614 3281; x_wconf 69' lang='lat' dir='ltr'>Pluehtdes</span> <span class='ocrx_word' id='word_1_329' title='bbox 666 3224 887 3290; x_wconf 78' lang='lat' dir='ltr'>quirarent,nicht</span> <span class='ocrx_word' id='word_1_330' title='bbox 898 3227 1110 3291; x_wconf 75' lang='lat' dir='ltr'>conquisiotucat,</span> <span class='ocrx_word' id='word_1_331' title='bbox 1122 3224 1172 3275; x_wconf 85' lang='lat' dir='ltr'>wie</span> 
     </span>
     <span class='ocr_line' id='line_1_38' title="bbox 105 3288 1173 3360; baseline -0.001 -17"><span class='ocrx_word' id='word_1_332' title='bbox 105 3288 240 3360; x_wconf 73' lang='lat' dir='ltr'>Pompeius</span> <span class='ocrx_word' id='word_1_333' title='bbox 269 3291 352 3355; x_wconf 73' lang='lat' dir='ltr'>rergl.</span> <span class='ocrx_word' id='word_1_334' title='bbox 374 3291 442 3350; x_wconf 76' lang='lat' dir='ltr'>Plut.</span> <span class='ocrx_word' id='word_1_335' title='bbox 466 3290 550 3358; x_wconf 90' lang='lat' dir='ltr'>Pomp.</span> <span class='ocrx_word' id='word_1_336' title='bbox 572 3292 614 3343; x_wconf 76' lang='lat' dir='ltr'>tt.</span> <span class='ocrx_word' id='word_1_337' title='bbox 666 3293 694 3347; x_wconf 88' lang='lat' dir='ltr'>in</span> <span class='ocrx_word' id='word_1_338' title='bbox 710 3292 823 3347; x_wconf 79' lang='lat' dir='ltr'>directer</span> <span class='ocrx_word' id='word_1_339' title='bbox 837 3293 907 3349; x_wconf 73' lang='lat' dir='ltr'>uera</span> <span class='ocrx_word' id='word_1_340' title='bbox 927 3295 1103 3360; x_wconf 72' lang='lat' dir='ltr'>conquirebant</span> <span class='ocrx_word' id='word_1_341' title='bbox 1120 3299 1173 3347; x_wconf 85' lang='lat' dir='ltr'>ste-</span> 
     </span>
     <span class='ocr_line' id='line_1_39' title="bbox 107 3358 1173 3427; baseline -0.001 -16"><span class='ocrx_word' id='word_1_342' title='bbox 107 3358 179 3421; x_wconf 72' lang='lat' dir='ltr'>Caes.</span> <span class='ocrx_word' id='word_1_343' title='bbox 191 3361 235 3411; x_wconf 81' lang='lat'>45.</span> <span class='ocrx_word' id='word_1_344' title='bbox 246 3358 349 3427; x_wconf 76' lang='lat' dir='ltr'>App-2,</span> <span class='ocrx_word' id='word_1_345' title='bbox 361 3359 402 3411; x_wconf 86' lang='lat'>81.</span> <span class='ocrx_word' id='word_1_346' title='bbox 593 3399 596 3403; x_wconf 80' lang='lat'>.</span> <span class='ocrx_word' id='word_1_347' title='bbox 665 3361 823 3413; x_wconf 84' lang='lat' dir='ltr'>henwiirde.</span> <span class='ocrx_word' id='word_1_348' title='bbox 850 3361 877 3410; x_wconf 79' lang='lat' dir='ltr'>ll.</span> <span class='ocrx_word' id='word_1_349' title='bbox 891 3360 921 3413; x_wconf 82' lang='lat' dir='ltr'>G.</span> <span class='ocrx_word' id='word_1_350' title='bbox 937 3363 959 3424; x_wconf 88' lang='lat'>1,</span> <span class='ocrx_word' id='word_1_351' title='bbox 971 3363 1055 3423; x_wconf 84' lang='lat' dir='ltr'>4tl‚5:</span> <span class='ocrx_word' id='word_1_352' title='bbox 1064 3363 1173 3427; x_wconf 73' lang='lat' dir='ltr'>sactum</span> 
     </span>
     <span class='ocr_line' id='line_1_40' title="bbox 140 3418 1173 3494; baseline -0.003 -14"><span class='ocrx_word' id='word_1_353' title='bbox 140 3418 194 3481; x_wconf 74' lang='grc'>95.</span> <span class='ocrx_word' id='word_1_354' title='bbox 211 3429 236 3479; x_wconf 77' lang='lat'>2.</span> <span class='ocrx_word' id='word_1_355' title='bbox 251 3444 270 3478; x_wconf 87' lang='lat' dir='ltr'><strong><em>a</em></strong></span> <span class='ocrx_word' id='word_1_356' title='bbox 284 3425 425 3479; x_wconf 65' lang='lat' dir='ltr'>ruaudus</span> <span class='ocrx_word' id='word_1_357' title='bbox 441 3426 613 3493; x_wconf 58' lang='lat' dir='ltr'>tuomque.</span> <span class='ocrx_word' id='word_1_358' title='bbox 666 3433 745 3480; x_wconf 60' lang='lat' dir='ltr'>daem</span> <span class='ocrx_word' id='word_1_359' title='bbox 762 3428 849 3483; x_wconf 75' lang='lat' dir='ltr'>scandi</span> <span class='ocrx_word' id='word_1_360' title='bbox 866 3431 983 3493; x_wconf 82' lang='lat' dir='ltr'>tacmnltu,</span> <span class='ocrx_word' id='word_1_361' title='bbox 1004 3444 1067 3494; x_wconf 79' lang='lat' dir='ltr'>quor</span> <span class='ocrx_word' id='word_1_362' title='bbox 1086 3432 1173 3479; x_wconf 68' lang='lat' dir='ltr'>tonica</span> 
     </span>
     <span class='ocr_line' id='line_1_41' title="bbox 105 3495 1173 3565; baseline -0.002 -18"><span class='ocrx_word' id='word_1_363' title='bbox 105 3495 178 3549; x_wconf 74' lang='lat' dir='ltr'>busli</span> <span class='ocrx_word' id='word_1_364' title='bbox 195 3497 238 3547; x_wconf 85' lang='lat' dir='ltr'>die</span> <span class='ocrx_word' id='word_1_365' title='bbox 257 3495 382 3548; x_wconf 76' lang='lat' dir='ltr'>Thracici·</span> <span class='ocrx_word' id='word_1_366' title='bbox 399 3509 488 3546; x_wconf 77' lang='lat' dir='ltr'>waren</span> <span class='ocrx_word' id='word_1_367' title='bbox 506 3497 615 3549; x_wconf 75' lang='lat' dir='ltr'>barbam</span> <span class='ocrx_word' id='word_1_368' title='bbox 666 3497 1013 3565; x_wconf 78' lang='lat' dir='ltr'>aliquidueusaedieotpltno</span> <span class='ocrx_word' id='word_1_369' title='bbox 1025 3495 1173 3546; x_wconf 79' lang='lat' dir='ltr'>sublava—</span> 
     </span>
     <span class='ocr_line' id='line_1_42' title="bbox 105 3563 1173 3630; baseline -0.005 -13"><span class='ocrx_word' id='word_1_370' title='bbox 105 3565 220 3619; x_wconf 64' lang='lat' dir='ltr'>maus</span> <span class='ocrx_word' id='word_1_371' title='bbox 232 3564 348 3624; x_wconf 83' lang='lat' dir='ltr'>wiculso</span> <span class='ocrx_word' id='word_1_372' title='bbox 360 3580 392 3615; x_wconf 79' lang='lat' dir='ltr'>zu</span> <span class='ocrx_word' id='word_1_373' title='bbox 403 3563 574 3616; x_wconf 81' lang='lat' dir='ltr'>iibersetzeni</span> <span class='ocrx_word' id='word_1_374' title='bbox 667 3569 745 3616; x_wconf 83' lang='lat' dir='ltr'>rent.</span> <span class='ocrx_word' id='word_1_375' title='bbox 765 3567 787 3628; x_wconf 85' lang='lat'>5,</span> <span class='ocrx_word' id='word_1_376' title='bbox 807 3568 847 3630; x_wconf 81' lang='grc'>10,</span> <span class='ocrx_word' id='word_1_377' title='bbox 859 3565 888 3615; x_wconf 79' lang='lat'>2:</span> <span class='ocrx_word' id='word_1_378' title='bbox 903 3569 1032 3629; x_wconf 78' lang='lat' dir='ltr'>acuerunt,</span> <span class='ocrx_word' id='word_1_379' title='bbox 1049 3566 1093 3629; x_wconf 82' lang='lat' dir='ltr'>qui</span> <span class='ocrx_word' id='word_1_380' title='bbox 1107 3579 1173 3613; x_wconf 62' lang='lat' dir='ltr'>aare</span> 
     </span>
     <span class='ocr_line' id='line_1_43' title="bbox 138 3629 1173 3701; baseline -0.004 -16"><span class='ocrx_word' id='word_1_381' title='bbox 138 3634 238 3695; x_wconf 50' lang='lat' dir='ltr'>amaa.</span> <span class='ocrx_word' id='word_1_382' title='bbox 261 3632 286 3683; x_wconf 90' lang='lat' dir='ltr'>S.</span> <span class='ocrx_word' id='word_1_383' title='bbox 299 3631 420 3695; x_wconf 81' lang='lat' dir='ltr'>zuc.29‚</span> <span class='ocrx_word' id='word_1_384' title='bbox 434 3632 457 3683; x_wconf 89' lang='lat'>1.</span> <span class='ocrx_word' id='word_1_385' title='bbox 611 3666 614 3673; x_wconf 91' lang='lat'><em>-</em></span> <span class='ocrx_word' id='word_1_386' title='bbox 666 3637 792 3685; x_wconf 69' lang='lat' dir='ltr'>trierem·</span> <span class='ocrx_word' id='word_1_387' title='bbox 805 3649 883 3701; x_wconf 85' lang='lat' dir='ltr'>prope</span> <span class='ocrx_word' id='word_1_388' title='bbox 903 3650 989 3685; x_wconf 75' lang='lat' dir='ltr'>omme</span> <span class='ocrx_word' id='word_1_389' title='bbox 1005 3646 1082 3683; x_wconf 81' lang='lat' dir='ltr'>naues</span> <span class='ocrx_word' id='word_1_390' title='bbox 1099 3635 1127 3681; x_wconf 81' lang='lat' dir='ltr'>in</span> <span class='ocrx_word' id='word_1_391' title='bbox 1141 3629 1173 3681; x_wconf 77' lang='lat' dir='ltr'>tt-</span> 
     </span>
     <span class='ocr_line' id='line_1_44' title="bbox 137 3698 1172 3767; baseline 0 -15"><span class='ocrx_word' id='word_1_392' title='bbox 137 3702 164 3752; x_wconf 92' lang='lat'>4.</span> <span class='ocrx_word' id='word_1_393' title='bbox 180 3705 209 3763; x_wconf 71' lang='lat' dir='ltr'>ios</span> <span class='ocrx_word' id='word_1_394' title='bbox 225 3701 364 3759; x_wconf 65' lang='lat' dir='ltr'>albarum</span> <span class='ocrx_word' id='word_1_395' title='bbox 377 3702 486 3762; x_wconf 74' lang='lat' dir='ltr'>macas,</span> <span class='ocrx_word' id='word_1_396' title='bbox 503 3700 545 3750; x_wconf 87' lang='lat' dir='ltr'>die</span> <span class='ocrx_word' id='word_1_397' title='bbox 561 3698 614 3750; x_wconf 77' lang='grc' dir='ltr'><strong>Διι-</strong></span> <span class='ocrx_word' id='word_1_398' title='bbox 666 3706 721 3754; x_wconf 77' lang='lat' dir='ltr'>tore</span> <span class='ocrx_word' id='word_1_399' title='bbox 735 3704 826 3753; x_wconf 72' lang='grc' dir='ltr'>αἰααίαε</span> <span class='ocrx_word' id='word_1_400' title='bbox 839 3718 906 3766; x_wconf 80' lang='lat' dir='ltr'>erse,</span> <span class='ocrx_word' id='word_1_401' title='bbox 925 3700 991 3767; x_wconf 84' lang='lat' dir='ltr'>quod</span> <span class='ocrx_word' id='word_1_402' title='bbox 1003 3716 1082 3765; x_wconf 81' lang='lat' dir='ltr'>neque</span> <span class='ocrx_word' id='word_1_403' title='bbox 1096 3713 1172 3752; x_wconf 66' lang='lat' dir='ltr'>weo-</span> 
     </span>
     <span class='ocr_line' id='line_1_45' title="bbox 104 3766 1173 3836; baseline -0.001 -14"><span class='ocrx_word' id='word_1_404' title='bbox 104 3771 169 3829; x_wconf 71' lang='lat' dir='ltr'>hdbe</span> <span class='ocrx_word' id='word_1_405' title='bbox 194 3772 247 3822; x_wconf 86' lang='lat' dir='ltr'>&#39;von</span> <span class='ocrx_word' id='word_1_406' title='bbox 259 3766 382 3820; x_wconf 63' lang='lat' dir='ltr'>bradon</span> <span class='ocrx_word' id='word_1_407' title='bbox 391 3768 444 3817; x_wconf 81' lang='lat' dir='ltr'>und</span> <span class='ocrx_word' id='word_1_408' title='bbox 454 3768 584 3822; x_wconf 78' lang='lat' dir='ltr'>Skotessa.</span> <span class='ocrx_word' id='word_1_409' title='bbox 666 3785 712 3822; x_wconf 80' lang='lat' dir='ltr'>rae</span> <span class='ocrx_word' id='word_1_410' title='bbox 726 3770 860 3836; x_wconf 74' lang='lat' dir='ltr'>funesque</span> <span class='ocrx_word' id='word_1_411' title='bbox 879 3770 1110 3833; x_wconf 67' lang='lat' dir='ltr'>subsisterent„</span> <span class='ocrx_word' id='word_1_412' title='bbox 1128 3784 1173 3821; x_wconf 72' lang='lat' dir='ltr'>ne·</span> 
     </span>
     <span class='ocr_line' id='line_1_46' title="bbox 140 3786 1174 3915; baseline -0.004 -26"><span class='ocrx_word' id='word_1_413' title='bbox 140 3786 198 3899; x_wconf 60' lang='lat'>⁰6«,</span> <span class='ocrx_word' id='word_1_414' title='bbox 215 3838 236 3889; x_wconf 82' lang='grc'>1.</span> <span class='ocrx_word' id='word_1_415' title='bbox 249 3835 362 3889; x_wconf 71' lang='lat' dir='ltr'>teutua-</span> <span class='ocrx_word' id='word_1_416' title='bbox 378 3837 614 3902; x_wconf 65' lang='lat' dir='ltr'>‘armassem</span> <span class='ocrx_word' id='word_1_417' title='bbox 667 3853 714 3904; x_wconf 78' lang='lat' dir='ltr'>qne</span> <span class='ocrx_word' id='word_1_418' title='bbox 733 3839 919 3903; x_wconf 64' lang='lat' dir='ltr'>gebennam</span> <span class='ocrx_word' id='word_1_419' title='bbox 939 3838 996 3915; x_wconf 58' lang='lat' dir='ltr'>airu</span> <span class='ocrx_word' id='word_1_420' title='bbox 1017 3837 1174 3903; x_wconf 61' lang='lat' dir='ltr'>metatis</span> 
     </span>
     <span class='ocr_line' id='line_1_47' title="bbox 98 3899 866 3980; baseline -0.003 -22"><span class='ocrx_word' id='word_1_421' title='bbox 98 3906 181 3972; x_wconf 72' lang='lat' dir='ltr'>laeta</span> <span class='ocrx_word' id='word_1_422' title='bbox 202 3903 275 3957; x_wconf 78' lang='lat' dir='ltr'>oara&#39;</span> <span class='ocrx_word' id='word_1_423' title='bbox 298 3901 373 3980; x_wconf 64' lang='lat' dir='ltr'>ovid.</span> <span class='ocrx_word' id='word_1_424' title='bbox 390 3899 475 3957; x_wconf 73' lang='lat' dir='ltr'>..rus</span> <span class='ocrx_word' id='word_1_425' title='bbox 498 3903 525 3966; x_wconf 78' lang='lat'>3,</span> <span class='ocrx_word' id='word_1_426' title='bbox 551 3905 613 3957; x_wconf 71' lang='grc'><strong>1281</strong></span> <span class='ocrx_word' id='word_1_427' title='bbox 666 3908 866 3974; x_wconf 80' lang='lat' dir='ltr'>pctiposeent.</span> 
     </span>
     <span class='ocr_line' id='line_1_48' title="bbox 104 3969 1174 4045; baseline -0.004 -18"><span class='ocrx_word' id='word_1_428' title='bbox 104 3971 277 4036; x_wconf 66' lang='lat' dir='ltr'>honustus,</span> <span class='ocrx_word' id='word_1_429' title='bbox 288 3969 572 4035; x_wconf 55' lang='lat' dir='ltr'>vamdtsfitmlmwla·</span> <span class='ocrx_word' id='word_1_430' title='bbox 580 3999 614 4013; x_wconf 82' lang='lat'>·-</span> <span class='ocrx_word' id='word_1_431' title='bbox 702 3974 727 4027; x_wconf 86' lang='lat'>2.</span> <span class='ocrx_word' id='word_1_432' title='bbox 738 3976 775 4025; x_wconf 83' lang='lat' dir='ltr'>At</span> <span class='ocrx_word' id='word_1_433' title='bbox 785 3973 815 4023; x_wconf 79' lang='lat' dir='ltr'>bt</span> <span class='ocrx_word' id='word_1_434' title='bbox 823 4000 839 4019; x_wconf 55' lang='lat' dir='ltr'>a</span> <span class='ocrx_word' id='word_1_435' title='bbox 850 3971 1005 4027; x_wconf 79' lang='lat' dir='ltr'>obto&#39;elant-</span> <span class='ocrx_word' id='word_1_436' title='bbox 1020 3969 1064 4029; x_wconf 70' lang='lat' dir='ltr'>m,</span> <span class='ocrx_word' id='word_1_437' title='bbox 1073 3970 1174 4045; x_wconf 72' lang='lat' dir='ltr'>scheiut</span> 
     </span>
    </p>
   </div>
   <div class='ocr_carea' id='block_1_4' title="bbox 0 0 1293 4424">
    <p class='ocr_par' dir='ltr' id='par_1_4' title="bbox 0 0 1293 4424">
     <span class='ocr_line' id='line_1_49' title="bbox 0 0 1293 4424; baseline 0 0"><span class='ocrx_word' id='word_1_438' title='bbox 0 0 1293 4424; x_wconf 95' lang='lat' dir='ltr'> </span> 
     </span>
    </p>
   </div>
  </div>
 </body>
</html>
