2572 4424
155 311 217 374 212
551 304 825 360 onnmnouvnr

118 478 133 528 2
154 468 284 547 inopiam
296 466 421 528 levabat.
444 466 477 527 ld
488 466 525 526 ad
536 464 764 525 similitudinem
776 463 862 544 panis
874 463 1051 526 efficiebant.
1073 463 1147 524 llius
1161 471 1223 524 erat

153 552 356 632 magnaeopia.
383 550 426 612 Er
438 552 494 613 hoc
506 550 628 612 effectos
640 567 742 630 panes,
755 568 823 610 cum
835 549 868 611 in
880 547 1034 628 colloquiis
1046 549 1224 629 Pompeiani

152 640 263 736 famem
276 637 386 698 nostris
399 636 688 716 oblectarentrulgo
700 635 731 696 in
743 654 794 696 eos
807 634 959 710 iaciebant,
971 643 1006 698 nt
1017 653 1105 716 spem
1117 652 1224 698 eorum

152 731 427 891 mmudidnltquue
443 810 594 870 frumenta
615 815 814 872 maturescere
836 805 1030 888 incipiebant,
1053 814 1144 888 atque
1160 806 1224 887 ipsa

120 970 123 975 .
152 915 222 975 spes
242 895 373 976 inopiam
396 893 598 969 sustentabat,
620 894 699 974 quod
720 893 852 956 celeriter
872 911 905 954 se
927 892 1079 955 babituros
1107 892 1223 973 copiam

115 991 130 1041 2
152 981 357 1056 confidebant3
378 981 560 1061 crebraeque
582 998 668 1041 voees
684 979 813 1040 militum
829 978 862 1039 in
882 977 984 1059 vigiliis
1006 977 1224 1059 colloquiisque

152 1067 358 1142 audiebantur,
377 1067 459 1148 prius
472 1086 505 1127 se
521 1066 630 1128 cortice
646 1085 683 1126 ex
697 1064 851 1127 arboribus
869 1064 1008 1139 victuros,
1025 1082 1116 1145 quam
1132 1063 1223 1126 Pom-

116 1167 130 1215 ³
152 1153 254 1232 peium
269 1174 285 1215 e
301 1153 437 1216 manibus
461 1152 645 1213 dimissuros.
680 1150 826 1212 Libenter
847 1150 937 1212 etiam
959 1170 996 1212 ex
1015 1151 1150 1231 perfugis
1174 1169 1224 1211 co-

150 1239 332 1318 gnoscebant
344 1258 437 1320 equos
450 1256 555 1300 eorum
567 1237 695 1312 tolerari,
712 1236 826 1317 reliqua
837 1255 906 1298 vero
918 1236 1052 1300 iumenta
1067 1236 1223 1310 interisse;

152 1325 196 1386 uti
211 1333 311 1387 autem
324 1325 406 1406 ipsos
417 1324 585 1387 valetudine
598 1342 660 1385 non
671 1324 758 1397 bona,
776 1342 845 1385 cum
857 1322 1005 1402 angustiis
1019 1322 1077 1385 loci
1088 1331 1119 1385 et
1131 1323 1223 1384 odore

151 1419 245 1472 taetro
262 1431 298 1471 ex
313 1410 502 1473 multitudine
519 1410 690 1472 cadaverum
707 1417 737 1470 et
752 1408 904 1471 cotidianis
920 1409 1070 1471 laboribus
1086 1409 1223 1472 insuetos

114 1497 130 1547 ⁴
152 1516 285 1576 operum,
309 1506 371 1558 tum
387 1516 479 1578 aquae
494 1514 613 1558 summa
627 1495 726 1575 inopia
737 1495 869 1557 allectos.
901 1493 1009 1556 Omnia
1023 1495 1105 1557 enim
1121 1494 1223 1558 tlumi-

152 1600 190 1643 na
205 1591 293 1665 atque
309 1602 414 1646 omues
429 1583 517 1658 rivos,
534 1582 585 1662 qui
597 1583 634 1643 ad
646 1600 727 1644 mare
739 1579 936 1661 pertinebant,
953 1581 1060 1644 Caesar
1074 1591 1127 1644 aut
1137 1600 1224 1643 aver-

152 1677 228 1731 terat
243 1677 294 1730 aut
310 1669 422 1749 magnis
438 1668 577 1749 operibus
593 1667 788 1741 obstruxerat,
805 1675 893 1747 atque
909 1675 942 1729 ut
957 1675 1041 1729 erent
1055 1668 1119 1730 loca
1134 1685 1224 1728 mon-

154 1762 238 1829 tuosa
254 1763 284 1816 et
303 1756 338 1816 ad
354 1773 461 1835 specus
476 1754 628 1834 angustiae
645 1753 772 1827 vallium,
785 1753 846 1814 has
862 1752 981 1814 sublicis
997 1753 1029 1815 in
1043 1761 1156 1817 terram
1171 1754 1225 1816 de-

151 1840 251 1903 missis
272 1849 477 1922 praesepserat
495 1850 666 1921 terramque
688 1839 848 1914 adiecerat,
869 1846 904 1902 ut
918 1858 1024 1921 aquam
1041 1839 1222 1903 contineret.

150 2029 213 2080 qaae
225 2016 281 2064 nati
290 2030 388 2064 manae.
419 2013 660 2078 Qiamasimilitadi-
709 2013 822 2064 tudinem
843 2020 966 2078 angustae
984 2013 1076 2065 valles.
1105 2014 1168 2065 Dies
1189 2014 1223 2065 ist

119 2137 121 2141 ,
150 2083 370 2147 aamletwasdem
377 2081 661 2148 Aehnliehes)aidamas
710 2082 753 2134 die
764 2082 940 2146 gewbhnliche
952 2083 1001 2133 und
1017 2083 1088 2133 wohl
1105 2081 1223 2134 auch'dio

149 2155 177 2201 ia
193 2153 289 2212 bertin
308 2152 340 2201 ad
358 2151 411 2202 Ast.
432 2153 456 2215 9,
475 2153 500 2215 7,
512 2151 540 2202 3:
560 2150 661 2203 &saeue
710 2150 1222 2217 einaigmbglichellrkldrungderStelle.

149 2225 233 2271 amator
254 2219 355 2270 Salluvii
374 2223 451 2285 regui
468 2219 661 2270 sintiiitadiaem
709 2217 752 2270 leh
767 2221 838 2272 halte
855 2220 967 2272 diuselba
984 2217 1027 2271 fuir
1043 2220 1126 2285 villis
1143 2237 1224 2271 unau-

151 2291 295 2357 ooaoapiait.
709 2287 875 2353 lilasi33denn
883 2286 1224 2357 fdrdenZusataadepecas

185 2357 210 2406 2.
236 2356 325 2421 uulgo:
350 2355 373 2420 1,
391 2355 433 2421 28,
453 2356 477 2408 2.
507 2357 561 2407 Zur
579 2356 659 2408 Soche
710 2357 790 2407 findet
801 2357 857 2409 siah
868 2356 944 2408 haine
954 2358 1059 2422 analoga
1068 2357 1160 2422 Stella,
1172 2358 1224 2408 und

152 2426 235 2488 vergi.
253 2425 350 2475 Sueten
368 2441 391 2476 a.
409 2441 433 2477 a.
451 2424 495 2477 0.:
515 2423 621 2476 Famem
637 2430 660 2477 ot
710 2440 784 2476 wenn
796 2442 826 2478 er
834 2424 956 2490 wirlilioh
964 2427 1043 2478 durch
1053 2427 1102 2478 den
1111 2427 1223 2493 Spraeh-

152 2497 245 2545 ceteras
261 2496 417 2544 necessitates
435 2511 485 2545 aaa
496 2493 659 2545 caaaobsade-
710 2493 838 2558 gebrauoh
881 2493 1077 2560 gerechtiortigt
1117 2496 1223 2552 werden

151 2567 241 2614 ratior
252 2561 339 2627 arado,
356 2561 401 2614 aad
414 2567 438 2614 at
449 2566 474 2614 ei
483 2563 548 2614 aleos
558 2566 609 2631 ipsi
618 2565 659 2624 ob-
710 2562 813 2630 kbnnte,
831 2562 915 2614 bliebe
927 2579 957 2615 or
968 2563 1057 2616 immor
1068 2565 1134 2615 noeh
1145 2563 1223 2616 iiber·

151 2630 272 2695 siderent,
291 2635 362 2682 tanto
379 2647 449 2700 apae
464 2632 613 2695 tolerabant,
633 2637 661 2682 at
711 2631 806 2696 diissig,
818 2632 851 2682 du
862 2648 890 2683 es
899 2629 942 2684 sair
951 2631 1044 2685 Cisars
1053 2632 1223 2698 Zweclrgsnz

153 2700 328 2767 Dyrrhachiaa
352 2703 490 2752 inanitione
515 2701 658 2770 Pompeias,
710 2698 879 2765 gleichgiiltig
895 2701 938 2764 ist,
957 2701 988 2752 oh
1007 2701 1048 2753 die
1064 2701 1223 2753 Thalwiindc

154 2773 204 2820 aisa
215 2784 309 2836 garrera
317 2772 393 2838 panis
404 2786 438 2820 aa
449 2771 532 2833 haba,
546 2786 592 2835 qao
603 2786 660 2821 aas·
712 2768 776 2819 oben
785 2771 865 2820 niiher
878 2783 909 2819 an
920 2771 1041 2822 einander
1054 2772 1222 2822 herautrotan

153 2840 305 2901 sinebamur,
324 2854 381 2889 caat
392 2839 468 2904 fetis
483 2840 661 2890 abramaeae
711 2837 751 2887 als
767 2845 852 2888 unten.
882 2835 925 2889 leh
940 2839 1032 2904 gleube
1048 2838 1145 2903 ferner,
1162 2839 1222 2889 dass

152 2907 259 2972 devea,
286 2910 444 2972 anmoeriqae
461 2910 531 2958 ocius
546 2923 590 2958 aec
608 2911 660 2958 cai-
710 2905 751 2956 die
767 2905 862 2957 Worte
877 2911 992 2958 aierunt
1005 2907 1222 2959 toea-vatatam

154 2993 228 3041 qaam
239 2975 335 3026 ostendi
343 2978 454 3038 iusserit,
466 2991 498 3026 aa
505 2979 628 3044 patientia
638 2982 662 3027 et
710 2974 865 3025 namentlieh
880 2990 969 3039 wegen
986 2976 1032 3027 der
1048 2975 1223 3038 Fortsetzung

150 3047 292 3111 pertinacia
302 3045 661 3111 miraanmaeuorumfraa-
709 3044 757 3094 leae
766 3043 870 3094 malea
880 3053 929 3095 ete.
936 3044 1005 3096 nicht
1014 3044 1223 3096 erkldrtwerden

151 3111 660 3247 sqpq.pp.p355.1³95.pp.2a1.
709 3111 1222 3248 emerammi

232 3210 241 3230 ⁰
284 3217 290 3230 ·
430 3217 435 3227 ·
469 3219 475 3241 ι
523 3218 530 3244 7
561 3217 567 3230 ·
940 3235 942 3239 .
1131 3220 1138 3232 ·
1177 3219 1184 3231 ·
1215 3218 1222 3244 o

188 3249 211 3300 3.
236 3247 355 3299 tolerari:
372 3248 478 3298 wiirdeu
495 3248 661 3314 nochhinge—
710 3250 735 3312 8,
756 3249 787 3299 3:
808 3254 837 3300 at
856 3255 916 3302 sunt
938 3249 1067 3303 Gallorum
1092 3252 1180 3302 tabita
1198 3253 1223 3300 et

154 3316 250 3378 bracht,
268 3315 425 3381 nothdiirftig
436 3318 565 3380 erhalten3
584 3335 606 3369 e.
619 3318 661 3382 58,
707 3320 840 3385 repartina
848 3319 960 3370 oomilth.
985 3318 1222 3371 lmnnmtamlt

153 3387 183 3436 4:
195 3386 236 3446 hie
245 3385 387 3436 rationibus
392 3388 533 3451 equitatum
542 3387 658 3438 tolerare.
710 3387 758 3437 den
770 3385 837 3437 Text
848 3387 892 3439 rur
904 3387 1017 3439 offenhar
1034 3388 1160 3440 verderbt
1171 3387 1222 3438 und

154 3454 226 3504 Aueh
245 3455 424 3519 unpersb'nlieh
440 3456 467 3505 B.
488 3452 519 3506 G.
537 3457 561 3518 7,
579 3457 620 3521 71,
632 3456 660 3505 d:
710 3455 810 3514 mb'ehte
830 3455 872 3506 ihn
900 3471 928 3506 so
952 3455 1121 3508 verhesserm
1145 3460 1222 3522 atque

154 3525 253 3574 ratione
262 3524 363 3572 initam
373 3526 467 3589 eae'gae
476 3523 576 3574 dieram
585 3523 663 3575 XXX
710 3524 756 3573 ahi
769 3528 844 3575 arant
857 3524 911 3576 loca
925 3529 1059 3576 mmdaoea
1075 3528 1100 3576 et
1115 3541 1223 3594 mperes

152 3591 570 3659 laberasrameatam,sedpaalo
583 3595 661 3642 etiam
712 3595 849 3658 angustiae
870 3593 984 3658 cadmia,
1009 3595 1057 3644 hae
1083 3601 1135 3645 oet.
1174 3593 1221 3645 bie

153 3660 254 3726 lamiae
265 3660 369 3712 tolerari
375 3676 451 3728 posse
459 3659 595 3727 parcendo.
712 3660 806 3726 biche,
824 3662 920 3714 welche
940 3663 1020 3714 durch
1034 3663 1083 3713 den
1104 3678 1155 3714 von
1173 3662 1222 3712 «len

188 3733 213 3780 4.
236 3727 272 3778 ad
287 3744 377 3796 opacae
397 3731 532 3794 angathae
549 3727 661 3780 palliata:
712 3727 891 3795 Pompeianern
915 3731 1047 3783 besetzten
1066 3729 1223 3783 Lundstrieh

154 3797 196 3847 dle
212 3795 307 3848 Thiiler
324 3813 353 3848 so
371 3813 432 3862 eng,
451 3797 510 3847 dass
529 3797 567 3848 sie
584 3798 663 3848 durch
712 3797 752 3848 ins
764 3796 835 3849 Meer
847 3800 952 3863 loeson,
971 3800 1061 3851 leitete
1074 3798 1156 3853 (ἕξω
1166 3807 1223 3852 ent·

155 3865 195 3914 die
209 3865 419 3930 iiberh'ingenden
435 3865 486 3915 und
497 3863 550 3916 last
564 3881 662 3917 nusum·
713 3867 800 3917 weder
810 3866 842 3917 ab
858 3868 920 3919 oder
933 3884 962 3920 er
978 3876 1129 3934 versperrte
1145 3868 1222 3921 ihuen

158 3936 365 3985 menstossenden
393 3933 487 3985 Felsen
509 3933 662 3986 Sehluohten
712 3933 845 3999 denheul3
856 3935 1097 3989 {mersterenllalle
1108 3939 1181 3990 hatte
1193 3952 1222 3987 er

155 4000 257 4054 libulieh
274 4017 380 4081 warens
391 4004 422 4053 ad
439 4003 662 4096 speeuomssimili-
712 4003 802 4054 weiter
820 4004 902 4056 niehts
920 4022 952 4057 au
968 4007 1039 4073 than,
1057 4005 1092 4058 iro
1110 4005 1220 4057 aweiteu
