2572 4424
570 278 611 333 lll.
628 278 737 333 99-38.

1120 282 1177 345 201

113 436 296 499 Domitianis
308 434 453 498 militibus
465 434 641 509 estfactum,
653 453 691 497 ne
702 435 813 515 proelio
826 436 1066 508 contenderem,
1080 446 1110 498 et
1121 458 1185 500 ma-

111 524 205 598 xime,
218 523 300 604 quod
310 522 393 585 rivus
404 522 574 583 difficilibus
585 522 659 602 ripis
672 522 823 583 subiectus
836 523 940 585 castris
953 522 1102 603 Scipionis
1114 543 1185 604 pro-

112 628 236 691 gressus
250 619 424 671 nostrorum
436 607 622 688 impediebat.
650 609 784 682 Quorum
798 608 930 670 studium
944 608 1184 691 alacritatemque
1203 623 1220 673 l

112 696 269 777 pugnandi
283 713 350 757 cum
364 693 549 774 cognovisset
556 693 669 773 Scipio,
685 693 852 773 suspicatus
867 695 940 769 iore,
958 703 990 756 ut
1002 704 1122 775 postero
1134 696 1182 758 die

113 790 165 844 eut
180 780 294 843 invitus
309 780 449 842 dimicare
465 787 618 858 cogeretur
632 788 684 842 aut
698 797 804 858 magna
819 799 888 841 eum
900 780 1021 842 infamia
1033 781 1138 843 eastris
1151 802 1182 845 se

114 866 298 940 contineret,
320 866 370 947 qui
385 883 490 945 magna
506 865 725 945 exspectatione
748 865 893 939 venisset,
914 874 1029 927 temere
1044 886 1183 947 progres-

113 970 165 1017 sus
182 961 302 1033 turpem
317 951 419 1013 habuit
434 951 545 1012 exitum
562 958 592 1012 et
607 960 698 1012 noctu
713 970 752 1011 ne
765 952 954 1013 conclamatis
967 952 1087 1033 quidem
1104 954 1181 1016 vasis

114 1039 227 1101 llumen
242 1038 351 1099 transit
365 1044 455 1117 atque
477 1036 509 1097 in
529 1036 654 1097 eandem
675 1045 805 1117 partem,
827 1057 861 1099 ex
878 1057 935 1118 qua
951 1047 1085 1111 venerat,
1106 1039 1183 1101 redit

113 1124 213 1205 ibique
233 1142 328 1204 prope
352 1123 465 1183 flumen
488 1123 568 1184 edito
594 1131 698 1185 natura
724 1123 790 1183 loro
811 1133 905 1184 eastra
926 1124 1035 1203 posuit.
1077 1125 1214 1189 Poucist

114 1209 218 1271 diebus
240 1208 423 1289 interpositis
444 1217 536 1270 noctu
558 1207 681 1270 iusidias
709 1208 843 1289 equitum
871 1210 1036 1283 collocavit,
1064 1230 1124 1291 quo
1151 1210 1182 1271 in
1237 1253 1241 1259 -

113 1296 175 1358 loco
192 1295 397 1375 superioribus
412 1295 476 1356 lere
489 1293 592 1357 diebus
605 1295 699 1357 nostri
712 1295 844 1374 pabulari
859 1303 1054 1367 consuerent3
1070 1304 1180 1357 etcum

114 1380 260 1444 cotidiana
272 1380 488 1442 cousuetudine
502 1381 536 1454 Q.
545 1380 648 1454 Varus,
661 1381 827 1460 praefectus
842 1381 978 1462 equitum
984 1381 1115 1457 Domitii,
1130 1402 1182 1443 ve-

113 1468 217 1541 nisset,
235 1466 335 1528 subito
346 1466 387 1527 illi
402 1484 439 1527 cx
453 1466 570 1527 insidiis
586 1476 847 1528 consurrexerunt.
879 1468 937 1528 Sed
953 1468 1049 1528 nostri
1063 1468 1181 1529 fortiter
1201 1483 1217 1532 6

113 1552 260 1633 impetum
282 1571 385 1613 eorum
404 1552 539 1613 tulerunt
558 1552 754 1632 celeriterque
769 1553 804 1613 ad
821 1572 891 1613 suos
914 1553 1041 1633 quisque
1059 1554 1180 1615 ordines

112 1638 199 1712 redit,
216 1645 305 1718 atque
321 1638 398 1700 ultro
418 1637 596 1699 universim
612 1638 713 1699 hostes
731 1638 877 1718 impetum
894 1639 1035 1700 lecerunt.
1068 1639 1112 1700 Ex
1132 1639 1179 1701 uis
1201 1657 1214 1704 7

113 1724 229 1786 circiter
239 1743 316 1785 ιιιιιι
327 1722 498 1798 interfectis,
510 1723 630 1804 reliquis
644 1724 674 1784 in
686 1724 785 1803 fugam
799 1724 950 1798 coniectis,
959 1723 1076 1787 duobus
1088 1724 1180 1786 amis·

112 1810 151 1871 sis
166 1810 200 1871 in
215 1817 310 1871 cestm
326 1828 358 1870 se
373 1818 561 1889 receperunt.

200 1894 251 1957 38.
274 1895 326 1955 His
346 1894 436 1956 rebus
454 1895 544 1974 gestis
564 1894 709 1955 Domitius
731 1911 854 1974 sperans
876 1894 1045 1974 Scipionem
1066 1896 1101 1957 ad
1123 1914 1180 1975 pu·

111 1998 200 2062 gnam
217 1979 282 2041 elici
295 1999 383 2061 posse
398 1979 545 2042 simulavit
560 1999 625 2041 sese
641 1979 783 2059 augustiis
799 1980 841 2041 rei
856 1979 1069 2042 frumentariae
1084 1982 1180 2043 addu-

111 2074 193 2129 ctum
210 2073 304 2128 castra
320 2084 440 2127 movere
455 2067 588 2146 vasisque
603 2065 721 2126 militari
739 2084 822 2126 more
838 2067 1025 2128 conclamatis
1040 2086 1179 2147 progres-

110 2171 164 2215 sus
179 2150 261 2213 milia
275 2171 415 2231 passuum
438 2171 469 2211 ιιι
484 2153 548 2212 loco
564 2151 672 2211 idoneo
689 2161 719 2213 et
734 2153 849 2213 occulto
870 2169 992 2213 omnem
1014 2153 1179 2214 exercitum

108 2394 294 2447 zuriiekltslten
306 2394 416 2460 Hersen,
432 2394 490 2445 kam
507 2410 535 2446 es
547 2394 619 2445 nicht

108 2465 183 2514 dszu.
205 2490 239 2501 -
259 2461 317 2515 ‘Ubi
338 2463 487 2527 adiungitur
509 2463 617 2528 aliquid,

107 2532 175 2599 quod
188 2531 317 2597 superiori
334 2531 490 2582 contrarium
507 2539 561 2595 est,
580 2531 616 2581 ibi

109 2600 203 2651 Cicero
220 2606 247 2650 ut
264 2599 313 2650 olii
329 2600 417 2650 dieunt
435 2605 517 2650 autel
533 2605 617 2650 turnare

107 2676 154 2720 eut
170 2684 201 2719 uc
215 2665 308 2719 tomra’
325 2668 429 2732 Madvig
446 2668 498 2719 Cic.
517 2669 548 2719 de
560 2667 617 2718 Fin.

107 2738 190 2801 2,17,
209 2737 458 2802 85.-estsoetum
475 2753 545 2800 rre-,
568 2737 617 2787 wie

109 2806 134 2869 1,
154 2806 196 2869 19,
214 2807 242 2854 4:
258 2803 287 2854 id
301 2820 333 2854 oe
344 2804 619 2872 fleriposset—oppt'di

107 2873 343 2925 mimmmunitioue
371 2873 458 2937 fiebat.
503 2873 555 2923 cie.
590 2874 615 2922 in

107 2941 185 2994 Vsrr.
199 2943 224 3005 5,
236 2942 260 3006 2,
274 2943 302 2991 δι
315 2939 347 2991 Μ.
362 2941 450 2992 Crassi
456 2944 546 2992 moleste
558 2957 616 2991 eoo·

106 3010 339 3077 Quassatam,
358 3026 389 3059 nc
407 3039 424 3047 -
440 3012 551 3060 munstre
578 3026 616 3060 os·

106 3083 176 3141 saot5
212 3079 257 3129 das
285 3078 438 3141 allgemeine
468 3026 615 3129 ‘bewirffen’

106 3148 169 3211 geht
189 3146 214 3197 in
234 3147 281 3196 dan
301 3147 441 3212 speciellen
459 3146 558 3210 Begriff
572 3148 616 3197 dcs

106 3214 283 3266 Verhinderns
293 3216 342 3264 und
352 3215 496 3265 Verhiitens
505 3215 575 3264 iiber.
584 3244 616 3252 —

104 3282 260 3350 difficalt'dus
268 3284 338 3349 ripis,
350 3283 400 3333 wie
413 3285 435 3347 1,
448 3284 490 3347 68,
504 3284 530 3331 2:
543 3283 617 3332 valles

104 3353 239 3402 maximae
247 3367 277 3401 ac
285 3351 470 3417 difficillimae·
482 3351 545 3401 zuB.
553 3349 582 3401 G.
591 3353 616 3412 7,

107 3421 149 3485 19,
161 3422 190 3471 1:
199 3419 403 3487 poluedq‘sfict'le'e.
418 3419 500 3470 Untan
510 3437 531 3469 c.
541 3421 581 3484 ts,
592 3429 614 3469 s:

104 3490 217 3554 flumen,
240 3487 308 3552 quod
327 3490 389 3555 repis
407 3492 463 3537 erat
480 3486 613 3554 inpeditis.

141 3558 165 3607 4.
193 3571 290 3621 niagno
313 3572 371 3607 cetra
391 3557 504 3622 inscicia
525 3559 615 3606 castris

104 3641 132 3675 ce
148 3628 290 3675 coronaret.
317 3624 368 3675 ller
381 3625 532 3676 Nachdruck
549 3625 615 3688 liegt

104 3691 152 3744 ani
159 3708 257 3758 magna
273 3709 331 3744 eum
348 3695 413 3759 iuss
432 3710 461 3743 cr
477 3693 613 3757 iiiechtete,

105 3778 136 3812 er
156 3762 243 3812 werde
261 3764 392 3812 entweder
413 3778 470 3811 zum
489 3762 612 3825 Schlageu

103 3845 262 3893 gezwungen
295 3831 412 3895 werden,
452 3831 525 3894 oder,
557 3847 614 3880 zum

104 3895 213 3965 Rumpis
237 3899 469 3963 herausgefordert,
495 3914 544 3949 nur
567 3898 614 3949 mit

103 3982 210 4031 ffrosscr
223 3966 344 4017 Schmach
356 3968 411 4018 sich
428 3967 462 4017 im
474 3967 558 4031 Μεθι·
569 3983 614 4017 zu-

670 2394 835 2459 riieklmlten,
854 2394 910 2445 sich
928 2395 1052 2461 dadureh,
1073 2397 1132 2447 dass
1149 2412 1179 2448 er

671 2463 727 2513 sich
743 2463 931 2527 zuriickhielte,
950 2479 1040 2527 grosse
1057 2464 1177 2516 Schmoch

671 2533 802 2582 zuziehen.
823 2558 856 2568 -
878 2534 922 2596 qui
938 2548 1033 2597 niagno
1049 2539 1177 2600 exsperto-

671 2602 736 2650 tt'one
747 2602 864 2650 coiisset:
882 2615 923 2664 er,
942 2601 988 2650 der
1005 2602 1069 2650 doch
1085 2629 1119 2639 —
1134 2619 1179 2666 ge-

671 2668 784 2718 korumeu
801 2684 864 2717 war.
890 2667 914 2717 S.
934 2684 966 2717 zu
982 2670 1004 2732 1,
1021 2668 1062 2733 64,
1082 2670 1108 2720 8:
1127 2686 1174 2733 eos,

671 2739 715 2801 qni
724 2738 842 2786 emissem.
855 2764 888 2771 -
900 2753 932 2785 ne
947 2736 1106 2787 conclamatis
1122 2740 1176 2802 qui·

670 2805 818 2854 dernensis:
841 2804 868 2867 1,
888 2804 935 2869 66,
954 2805 977 2854 2.
996 2804 1177 2855 411719ιί1-

669 2875 761 2923 tranent
777 2900 810 2908 —
826 2871 891 2922 redit
913 2902 944 2909 -
958 2875 1049 2939 possut.
1078 2873 1129 2924 Der
1148 2890 1176 2924 so

670 2942 768 3004 hiudge
779 2939 904 2991 Wechsel
920 2941 967 2991 der
978 2940 1115 3007 Tempora,
1132 2943 1178 2993 der

667 3010 817 3074 jenacirdeu
828 3009 1109 3061 verschiedeuenVerb.
1117 3027 1176 3062 rer·

670 3078 804 3129 sehiedene
819 3074 922 3128 Griinde
934 3079 1015 3128 huben
1028 3078 1103 3142 kann,
1115 3080 1178 3130 lr'a’u·

670 3148 704 3211 lig
716 3147 777 3197 aber
793 3145 834 3195 bei
853 3147 899 3196 der
912 3146 1177 3212 Uebereinstimmung

671 3217 715 3266 des
727 3215 819 3265 histor.
831 3214 903 3265 Priis.
916 3214 963 3265 mit
979 3216 1035 3265 dem
1048 3214 1116 3267 Pers.
1133 3233 1176 3281 ge-

671 3284 733 3333 wiss
749 3283 903 3333 absiclrtslos
916 3301 964 3333 ron
983 3286 1029 3334 den
1045 3283 1175 3334 Schriftst.

670 3352 808 3414 gebraucht
821 3353 924 3401 worden
937 3353 982 3415 ist,
1001 3353 1072 3402 dicut
1084 3352 1121 3402 ol't
1132 3353 1176 3402 da-

669 3437 712 3485 zu,
731 3419 772 3469 dic
792 3420 991 3470 verschiadeuen
1009 3421 1174 3483 Harrdlungen

669 3489 707 3538 als
728 3489 799 3537 mehr
820 3488 881 3537 oder
902 3489 1017 3552 weniger
1033 3488 1173 3538 bedentend

669 3558 731 3606 oder
744 3556 855 3606 dauernd
868 3572 898 3605 zu
911 3556 1049 3606 sehildern.

703 3628 726 3674 5.
748 3623 774 3686 Q.
790 3624 885 3687 Varus,
904 3625 1020 3675 derselbe
1040 3623 1068 3687 Q.
1086 3624 1173 3673 Attius

669 3695 766 3757 Varus,
784 3693 874 3742 desseu
888 3692 1053 3755 Tiichtigkeit
1064 3693 1091 3742 ll.
1105 3691 1135 3742 G.
1149 3692 1173 3755 8,

668 3763 709 3825 28,
723 3762 737 3809 2
750 3760 865 3825 gcriihmt
877 3761 951 3811 wird.

702 3833 726 3880 6.
744 3829 825 3880 ultro:
847 3828 869 3890 1,
883 3830 923 3893 79,
937 3832 959 3880 5.

702 3889 754 3951 38.
775 3899 797 3947 1.
815 3899 881 3946 uasis
891 3896 998 3947 militari
1004 3911 1073 3947 oreore
1085 3896 1173 3947 costel:

668 3985 689 4018 c.
703 3968 744 4033 37,
757 3968 781 4017 4.
