2572 4424
528 258 557 313 ll.
576 260 616 311 17.
631 259 670 311 18.
1068 264 1130 329 135

150 415 202 481 18.
231 416 384 480 Deiectum
403 413 509 479 babuit
528 421 591 477 tota
606 414 771 494 provincia,
787 415 954 493 legionibus
971 419 1126 497 completis

56 502 178 567 duabus
193 502 331 566 cobortes
346 500 461 564 circiter
475 519 532 562 xxx
546 500 648 563 alarias
664 501 784 564 addidit.
814 501 969 565 Frumenti
984 522 1125 585 magnum

55 606 222 653 numerum
234 587 337 668 coegit,
351 588 431 668 quod
442 585 684 660 Massiliensibus,
697 586 768 649 item
780 589 859 669 quod
867 588 988 652 Afranio
996 589 1126 652 Petreio-

56 694 118 757 que
138 673 280 737 mitteret.
317 674 417 735 Naves¹
431 674 533 753 longas
554 672 742 735 xGaditanis
762 682 796 735 ut
816 675 947 737 facerent
962 674 1127 754 imperavit,

57 760 229 839 complures
239 767 390 840 praeterea
400 757 511 837 Hispali
522 757 670 820 faciendas
683 759 801 820 curavit.
832 760 992 822 Pecuniam
1005 779 1125 822 omnem
1150 768 1165 818 2

58 845 221 927 omniaque
236 850 409 907 ornamenta
424 864 461 905 ex
475 843 544 905 fano
560 843 692 905 Herculis
708 844 738 906 in
755 845 896 924 oppidum
912 846 999 909 Gadis
1021 854 1128 908 contu·

57 931 111 1004 lit3
131 950 167 992 eo
188 949 218 991 vr
233 930 370 993 cohortes
385 928 523 1009 praesidii
540 948 627 991 causa
641 949 675 989 ex
692 930 842 1009 provincia
862 931 947 993 misit
963 931 1130 1012 Gaiumque

58 1015 241 1090 Gallonium,
257 1014 387 1096 equitem
402 1015 586 1088 Romanum,
599 1014 773 1076 familiarem
789 1015 920 1089 Domitii,
937 1017 989 1096 qui
1006 1037 1041 1078 eo
1058 1036 1129 1096 pro-

57 1102 208 1165 curandae
228 1100 400 1164 hereditatis
427 1119 515 1163 causa
535 1107 655 1162 venerat
680 1100 792 1163 missus
819 1121 836 1163 a
857 1100 999 1176 Domitio,
1022 1102 1129 1182 oppido

58 1186 191 1251 Gadibus
217 1184 373 1266 praefecit,
398 1204 479 1249 arum
506 1183 606 1247 omnia
627 1185 738 1267 privata
758 1206 792 1247 ac
812 1186 929 1265 publica
950 1187 983 1249 in
1007 1189 1131 1249 domum

58 1271 186 1336 Gallonii
211 1271 344 1335 contulit
383 1272 450 1351 lpse
478 1269 582 1333 habuit
604 1289 706 1350 graves
734 1270 764 1330 in
789 1271 942 1334 Gaesarem
966 1272 1168 1336 contiones.³

58 1358 155 1437 Saepe
170 1376 207 1419 ex
220 1355 362 1419 tribunali
376 1356 554 1437 praedicavit
571 1356 692 1419 adversa
708 1355 862 1419 Caesarem
882 1358 991 1437 proelia
1014 1359 1130 1433 fecisse,

57 1460 203 1523 magnum
217 1459 379 1506 numerum
394 1441 430 1505 ab
445 1461 480 1504 eo
497 1440 626 1503 militum
642 1441 678 1503 ad
689 1441 845 1505 Afranium
861 1443 1043 1524 perfugisse:
1060 1444 1133 1506 haec

57 1548 92 1593 se
113 1527 201 1591 certis
222 1526 346 1603 nuntiis,
366 1527 454 1589 certis
483 1527 654 1589 auctoribus
677 1528 866 1606 comperisse.
904 1527 1017 1602 Quibus
1038 1528 1130 1591 rebus
1152 1542 1168 1593 4

57 1613 237 1697 perterritos
257 1613 330 1676 civis
347 1613 498 1676 Romanos
519 1612 583 1675 eius
598 1612 767 1691 provinciae
783 1613 842 1676 sibi
857 1615 893 1675 ad
914 1614 1131 1694 rempublicam

57 1699 326 1764 administrandam
341 1698 389 1760 HS
405 1717 498 1760 ccxxx
513 1705 544 1759 et
558 1696 671 1778 argenti
686 1699 786 1778 pondo
802 1719 838 1759 rx
855 1699 943 1773 milia,
958 1700 1050 1762 tritici
1065 1719 1132 1760 mo·

58 1786 128 1849 dios
140 1803 196 1846 cxx
206 1785 290 1848 milia
302 1783 433 1865 polliceri
444 1782 547 1863 coegit.
569 1784 649 1857 Quas
662 1783 777 1846 Caesari
795 1805 861 1846 esse
873 1785 983 1848 amicas
996 1784 1131 1848 civitates
1154 1799 1168 1848 5

58 1870 275 1945 arbitrabatur,
287 1869 334 1933 bis
346 1870 479 1951 graviora
491 1888 581 1932 onera
592 1869 764 1950 iniungebat
776 1871 976 1951 praesidiaque
989 1891 1023 1934 eo
1038 1871 1132 1933 dedu-

59 1956 149 2021 cebat
165 1963 196 2018 et
211 1954 318 2019 iudicia
336 1956 369 2017 in
386 1954 516 2037 privatos
528 1954 675 2028 reddebat,
698 1955 747 2034 qui
761 1955 848 2018 verba
866 1964 954 2037 atque
968 1956 1133 2019 orationem

58 2044 203 2105 adversus
213 2039 739 2121 rempublicamhabuissent3eorum
750 2042 829 2103 bona
840 2042 871 2104 in
883 2041 1036 2123 publicum
1048 2042 1133 2103 addi-

63 2127 160 2191 oehat.
192 2126 377 2191 Provinciam
393 2144 514 2188 omnem
528 2125 561 2188 in
576 2145 630 2188 sua
646 2132 675 2187 et
687 2127 808 2206 Pompei
820 2128 908 2190 verba
924 2128 1136 2191 iusiurandum

59 2265 174 2319 Gliiekes
192 2280 225 2315 zu
241 2266 361 2330 wanden,
379 2264 467 2328 dobin,
484 2264 569 2315 wobin
623 2266 784 2317 invectusest
792 2282 869 2331 oeque
878 2264 1134 2317 iadietamredditam

59 2336 104 2387 du
118 2332 271 2387 Gliicksicb
283 2333 377 2398 neigte.
625 2337 662 2382 cet
684 2335 812 2384 astruam.
841 2334 898 2384 Liv.
917 2334 959 2398 29,
979 2335 1061 2399 t,17:
1079 2349 1132 2385 cm·

94 2392 149 2455 18·
170 2402 193 2453 i.
210 2402 349 2469 legiam
367 2401 471 2453 duabus.
500 2400 526 2451 S.
547 2401 571 2463 i,
626 2403 701 2451 oium
716 2405 829 2468 primum
841 2407 914 2453 ratae
931 2405 999 2454 tueri
1007 2403 1133 2469 publicam

63 2470 104 2537 ³8,
119 2469 306 2523 1.-a1maa
332 2470 357 2521 S.
371 2487 404 2521 zu
417 2469 494 2534 1,73,
507 2468 530 2519 3.
622 2469 704 2535 fidem
719 2470 1018 2538 partimodicto,partim
1035 2470 1133 2522 indiciae

93 2540 118 2592 2.
136 2539 251 2605 cesano
262 2538 377 2590 dermite
388 2536 435 2589 aui
443 2539 500 2588 dem
512 2537 572 2589 sild-
624 2541 700 2588 ettam
720 2541 746 2589 in
761 2542 901 2606 palioaees
924 2539 959 2590 ad
975 2539 1133 2590 obtinendam

61 2608 146 2661 liebon
162 2607 324 2673 Vorgebirge
343 2608 389 2658 dor
405 2606 473 2658 lnsel
493 2606 572 2669 (Mela
625 2608 746 2658 iaceam
757 2606 931 2658 redditteeoaa
942 2607 1132 2673 resSqrocusa-

63 2675 85 2742 3,
95 2677 127 2741 9;
140 2675 234 2727 Strabo
244 2674 268 2741 3,
278 2692 302 2743 p.
314 2675 572 2739 will-ornamenta
625 2677 667 2725 aab
683 2678 796 2726 restituit.
832 2676 958 2726 Iudicium
976 2675 1077 2727 reddere
1097 2677 1134 2727 ist

64 2760 82 2796 s.
95 2763 118 2797 c.
133 2744 176 2809 21,
189 2744 213 2795 3.
626 2743 680 2793 also
693 2744 779 2807 gleich
791 2743 912 2795 iudicium
924 2744 985 2795 dare
1003 2745 1054 2794 und
1065 2744 1132 2794 wird

92 2815 118 2865 4.
141 2811 177 2863 ad
191 2811 372 2879 rempublicam
388 2810 572 2861 administran—
625 2827 682 2861 vom
701 2811 793 2863 Priitor
813 2820 912 2876 gesagt,
930 2814 976 2863 der
995 2812 1037 2864 die
1049 2810 1132 2876 lllage

63 2880 118 2933 dan
134 2880 187 2932 wie
205 2881 229 2947 1,
246 2882 271 2946 7,
287 2880 317 2931 6:
332 2878 510 2946 mmmmm
523 2895 571 2944 gc-
625 2880 747 2930 annimmt
773 2882 823 2931 und
847 2881 920 2931 einen
943 2880 1050 2931 liicbter
1071 2882 1133 2931 oder

64 2946 214 3002 rare—HS
225 2947 572 3000 CLXXquerlliirennach
627 2947 1008 3000 Gericbtshoidafiireinsetzt.
1036 2947 1088 2999 Cic.
1106 2948 1133 2999 in

67 3019 86 3084 l,
102 3018 145 3083 23,
161 3018 189 3083 4,
205 3015 260 3067 also
282 3018 425 3068 smmum
444 3019 534 3067 cratim
549 3020 573 3067 ct
625 3017 701 3068 Verr.
713 3016 759 3067 lib.
773 3016 796 3082 2,
808 3017 848 3083 12,
863 3018 907 3068 30:
921 3016 1025 3068 dubium
1039 3020 1136 3067 omniur*

64 3088 178 3153 Μῶα,
209 3084 240 3135 18
265 3083 401 3135 blillionen
418 3084 571 3136 Sestertien.
624 3088 668 3149 est,
691 3088 751 3150 qaia
772 3102 857 3136 omues
877 3088 992 3136 omnium
1011 3089 1133 3152 pecuniae

64 3184 94 3193 -
100 3153 184 3223 pondo
196 3152 239 3204 ein
251 3150 394 3204 defectiver
406 3152 513 3204 Ablativ
526 3153 571 3203 ‘an
622 3156 719 3220 poeitae
735 3157 786 3205 stol
802 3158 829 3204 in
847 3170 933 3206 emmau
943 3159 1072 3221 potestate,
1091 3156 1135 3220 qai

66 3218 218 3275 Gewieht'
240 3220 308 3271 wind
330 3222 394 3273 auch
418 3222 498 3272 durch
519 3221 572 3273 alle
624 3221 719 3273 iadmia
729 3221 802 3287 durat,
816 3228 839 3273 el
849 3239 944 3286 aarum,
959 3226 1003 3288 qui
1013 3223 1129 3273 iudicant.

65 3290 141 3343 &sur
152 3289 328 3341 unveriiudert
345 3290 384 3341 als
401 3290 501 3357 plurale
515 3297 572 3340 tan-
625 3293 1129 3357 -ccrba.atquecratabucmlaab1a'osaot,

63 3357 410 3425 tumsobrnucht.—madabr
421 3357 570 3420 CXXma‘la'a,
625 3359 676 3410 wie
693 3359 751 3409 biv.
772 3361 813 3424 24,
833 3361 872 3424 18,
885 3362 915 3411 4:
925 3363 1130 3426 procreationum,

64 3428 132 3480 nieht
141 3424 291 3489 modiorurn,
305 3427 356 3477 wie
368 3426 393 3491 3,
405 3427 429 3491 4,
440 3426 468 3476 3:
481 3424 571 3490 Sagit-
625 3428 698 3477 cerba
703 3431 887 3494 orationemque
895 3428 1131 3479 eoaadcmuasrmn-

65 3498 226 3548 urus-111
239 3494 312 3545 milda
333 3510 439 3547 nummu
453 3495 570 3555 habebam
621 3494 748 3563 publicam
758 3498 881 3559 habuisse,
899 3499 948 3547 und
961 3496 1133 3547 cerbaladere

66 3564 105 3617 die
117 3564 185 3617 Zabi
197 3563 268 3615 steht
279 3564 306 3614 in
318 3562 479 3631 Apposition.
625 3564 703 3615 allein
723 3565 775 3616 Cic.
799 3567 830 3616 de
847 3564 944 3616 invent.
969 3564 994 3628 2,
1012 3565 1053 3627 47,
1075 3563 1131 3613 140.

95 3636 119 3685 5.
145 3632 242 3683 ἅιᾰὼία
267 3630 395 3683 reddebat:
422 3632 482 3683 Tac.
505 3630 571 3682 Anu.
626 3634 656 3683 de
667 3632 738 3684 Orat.
752 3634 777 3697 2,
790 3633 900 3697 47‚196.
925 3632 987 3683 Sall.
1000 3630 1051 3694 lug.
1065 3632 1089 3694 9,
1102 3630 1130 3693 43

66 3699 87 3765 l,
98 3702 143 3753 72:
165 3698 282 3752 ramae
291 3700 444 3751 consulem
455 3701 572 3767 Pompeio
625 3701 679 3751 also
689 3701 748 3752 lein
758 3702 878 3766 Zeugma.
892 3732 924 3739 —
936 3700 1055 3751 aduersus
1064 3713 1130 3748 rmn-

64 3766 279 3837 llaoropraerors,
289 3768 424 3820 aniadiea'a
432 3771 573 3821 maimtatcssr
622 3768 756 3836 publicam,
768 3771 801 3820 im
809 3771 936 3820 Sinnedes
944 3767 1130 3833 Pompeianam.

64 3836 235 3902 redderem,
258 3836 411 3889 cauendae
431 3837 498 3904 leger
519 3854 572 3888 aare
624 3867 658 3874 —
682 3838 816 3889 addicebat.
851 3836 995 3901 Iler-jonige,
1017 3834 1130 3886 welcher

64 3905 195 3975 respondit.
227 3906 280 3958 cio.
301 3921 346 3974 pro
364 3906 451 3973 Quint.
469 3905 511 3969 22,
525 3906 570 3957 il:
624 3907 666 3956 die
685 3908 750 3958 iuris
769 3907 849 3958 dictio
868 3905 974 3967 ausiibt,
992 3904 1064 3968 gicht
1082 3905 1130 3955 den

64 3978 105 4027 cut
113 3992 192 4043 acque
202 3976 371 4043 murram
383 3974 464 4026 adduc
475 3990 571 4039 acquae
624 3975 783 4027 streitenden
806 3973 936 4038 Parteien,
959 3973 1080 4023 nacbdem
1102 3987 1130 4022 cr
