2572 4424
527 228 670 283 het—85.
1071 235 1132 298 113

59 387 168 450 Caesar
187 394 269 467 parat
289 386 448 467 perficere3
469 387 510 449 illi
525 388 632 449 vadum
656 387 788 449 lluminis
804 386 912 449 Sicoris
928 395 1085 469 temptare,
1108 391 1132 451 si

57 474 186 535 transire
206 482 338 553 possent.
380 472 444 546 Qua
470 492 503 534 re
524 473 726 535 animadversa
747 474 853 536 Caesar
873 472 1036 536 Germanos
1059 476 1128 537 levis

56 558 227 621 armaturae
243 559 439 640 equitumque
454 567 570 640 partem
584 560 699 622 llumen
713 561 809 623 traicit
824 561 1001 642 crebrasque
1013 562 1045 623 in
1056 562 1127 642 ripis

58 645 210 708 custodias
225 645 365 725 disponit.

145 731 196 794 84.
227 731 361 793 Tandem
381 731 521 793 omnibus
546 732 636 793 rebus
659 732 785 807 obsessi,
808 740 947 813 quartum
968 733 1026 794 iam
1048 733 1127 795 diem

58 816 125 879 sine
140 817 250 899 pabulo
265 818 390 879 retentis
405 818 555 892 iumentis,
571 836 673 898 aquae,
689 819 852 898 lignorum,
868 819 1013 880 frumenti
1028 819 1127 900 inopia

58 903 242 984 colloquium
256 911 365 984 petunt
380 914 410 967 et
425 904 464 978 id,
480 904 505 964 si
520 903 585 964 fieri
599 904 707 983 possit,
724 913 840 966 semoto
864 905 1037 966 amditibus
1052 905 1125 966 loco.

58 988 115 1050 Ubi
126 989 155 1050 id
167 1008 184 1050 a
195 990 318 1051 Caesare
330 997 469 1071 negatum
479 997 518 1063 et,
534 991 630 1070 palam
643 990 668 1050 si
679 990 804 1070 colloqui
816 991 934 1064 vellent,
951 1009 1126 1053 concessum
1148 1002 1163 1052 2
1225 1018 1228 1022 ¹

57 1081 114 1149 est,
131 1076 219 1137 datur
233 1075 343 1137 obsidis
354 1077 420 1137 loco
436 1076 551 1138 Caesari
566 1077 643 1137 iilius
658 1076 778 1137 Afranii.
811 1076 936 1138 Venitur
950 1077 981 1137 in
997 1096 1066 1138 eum
1082 1078 1126 1138 lo-

57 1179 138 1235 cum,
155 1178 244 1241 quem
261 1162 366 1224 Caesar
380 1161 495 1242 delegit.
532 1162 680 1223 Audiente
701 1170 828 1242 utroque
849 1163 979 1224 exercitu
995 1163 1126 1243 loquitur
1147 1170 1162 1220 3

56 1246 214 1309 Afranius:
237 1248 304 1308 Non
319 1267 383 1309 esse
399 1256 450 1309 aut
466 1248 534 1327 ipsis
550 1256 601 1309 aut
616 1248 758 1309 militibus
773 1248 1026 1323 succensendum,
1043 1250 1124 1329 quod

56 1332 149 1394 iidem
166 1352 233 1414 erga
247 1334 456 1414 imperatorem
473 1352 563 1395 snum
579 1334 632 1395 Cn.
646 1334 820 1414 Pompeium
836 1353 1011 1396 conservare
1023 1337 1126 1396 volue-

55 1418 128 1480 rint.
155 1419 216 1481 Sed
230 1420 299 1480 satis
314 1420 372 1481 iam
388 1419 491 1481 iecisse
507 1420 604 1481 officio
620 1421 751 1501 satisque
766 1421 902 1500 supplicii
917 1420 1028 1481 tulisse.
1053 1421 1126 1481 Per·
1146 1430 1163 1480 l

54 1520 162 1585 pessos
182 1505 318 1567 omnium
337 1524 439 1567 rerum
461 1505 609 1587 inopiam3
631 1523 713 1567 nunc
727 1525 795 1567 vero
811 1525 904 1586 paene
926 1514 959 1568 ut
974 1507 1051 1568 feras
1067 1507 1125 1568 cir-
1177 1536 1181 1543 ·

57 1591 261 1655 communitos
280 1592 431 1671 prohiberi
451 1609 539 1672 aqua,
555 1592 706 1673 prohiberi
721 1592 870 1671 ingressu,
887 1610 986 1672 neque
1002 1611 1125 1672 corpore

55 1675 191 1738 dolorem
205 1694 303 1758 neque
319 1678 418 1738 animo
434 1677 626 1756 ignominiam
645 1678 723 1738 ferre
738 1696 834 1756 posse.
865 1678 967 1757 ltaque
983 1697 1015 1739 se
1031 1678 1122 1739 victos
1145 1685 1159 1734 5

56 1762 210 1836 confiteri,
226 1781 309 1825 orare
324 1771 413 1843 atque
430 1762 592 1836 obsecrare,
609 1764 634 1824 si
646 1764 695 1843 qui
708 1764 790 1824 locus
803 1763 1022 1825 misericordiae
1033 1762 1126 1824 relin-

57 1855 184 1927 quatur,
199 1866 238 1910 ne
258 1850 294 1910 ad
315 1850 453 1911 ultimum
474 1849 651 1929 supplicium
678 1849 815 1929 progredi
840 1867 962 1911 necesse
988 1850 1125 1910 habeant.

56 1933 138 1997 llaec
154 1953 244 2015 quam
259 1943 357 2015 potest
372 1935 583 1997 demississime
599 1943 628 1996 et
643 1934 856 1996 subiectissime
873 1935 1003 2014 exponit.

146 2020 197 2084 85.
227 2019 272 2082 lld
288 2040 323 2082 ea
338 2021 444 2083 Caesar
458 2020 627 2100 respondit:
658 2020 737 2083 Nulli
753 2020 890 2083 omniurn
905 2022 957 2082 has
973 2020 1064 2101 partis
1079 2019 1126 2080 vel

56 2106 264 2187 querimoniae
278 2107 324 2168 vel
338 2107 537 2168 miserationis
552 2108 654 2168 minus
670 2107 853 2168 convenisse.
888 2106 1028 2185 Reliquos
1045 2106 1124 2166 enim
1147 2106 1163 2157 2

57 2192 158 2253 omnis
174 2192 306 2255 officinm
321 2211 411 2256 suurn
422 2193 617 2273 praestitisse:
633 2212 674 2267 se,
691 2193 743 2271 qui
759 2193 849 2253 etiam
861 2192 939 2254 bona
952 2191 1126 2252 condicione

56 2285 87 2340 et
97 2278 164 2340 loco
177 2286 208 2339 et
218 2286 354 2358 ternpore
366 2297 461 2359 aequo
474 2279 632 2358 confligere
645 2278 783 2352 noluerit,
797 2289 830 2339 ut
839 2276 1126 2358 quamintegerrima

57 2372 162 2426 essent
176 2364 213 2426 ad
229 2383 329 2444 pacem
345 2364 462 2438 omnia3
484 2363 646 2426 exercitum
667 2383 770 2438 suum,
787 2363 837 2446 qui
852 2363 958 2427 iniuria
974 2363 1062 2424 etiam
1079 2382 1127 2424 ac·

60 2448 149 2531 cepta
162 2449 285 2531 suisque
296 2450 470 2524 interiectis,
487 2470 562 2532 quos
574 2451 606 2511 in
618 2470 670 2513 sna
683 2459 831 2531 potestate
842 2449 988 2522 habuerit,
1005 2466 1127 2510 cunser-

56 2640 187 2693 struction
200 2658 231 2692 zu
241 2659 262 2693 c.
276 2643 318 2706 44,
331 2644 354 2693 4.
620 2641 710 2705 selbst‚
728 2640 778 2691 wie
797 2657 817 2691 c.
836 2641 877 2705 22,
896 2642 927 2691 d:
946 2644 974 2691 ut
989 2642 1126 2690 maenius

90 2711 116 2762 4.
131 2710 347 2779 porutperficcre.
381 2710 408 2761 Β.
423 2708 452 2761 G.
466 2712 491 2776 6,
505 2711 529 2776 l,
544 2713 565 2763 1.
619 2709 711 2785 durius
722 2709 989 2775 mambremguntur.
1067 2776 1073 2790 ⁶

56 2777 565 2900 strat
654 2767 1126 2844 ⁸

57 2916 84 2968 in
101 2916 179 2981 jeder
197 2916 341 2981 lieziehuug
360 2918 391 2981 (c.
410 2916 458 2981 26,
477 2916 502 2978 2)
521 2916 564 2966 be·
620 2916 664 2966 des
676 2912 788 2977 lllagcns
801 2914 865 2965 iiber
877 2916 921 2965 das
933 2916 1007 2964 harto
1021 2912 1126 2964 Schich-

58 2986 151 3051 driingt
169 3014 185 3022 -
198 2987 306 3037 vender
324 2986 405 3036 nahen
424 2985 473 3035 oud
486 2984 564 3035 driilr·
619 2984 674 3047 sal,
697 2985 742 3034 das
769 2983 808 3034 sie
830 2983 871 3034 bei
893 2982 1032 3046 Ausiibung
1055 2983 1127 3033 ihrcr

58 3052 157 3105 lenden
178 3051 275 3105 Getam
298 3056 348 3105 und
373 3053 563 3118 Verlegenheit.
620 3052 710 3103 Pilieht
727 3068 758 3101 zu
777 3060 896 3115 ortragen
912 3051 1000 3102 hdtten
1019 3052 1068 3100 und
1081 3052 1126 3101 des

58 3122 90 3173 So
107 3122 202 3174 obmllab
218 3122 271 3174 Cic.
289 3138 313 3189 p.
325 3121 413 3175 llabir.
429 3124 474 3173 10:
491 3126 565 3187 alque
618 3118 731 3185 lllagens
749 3136 794 3170 zur
807 3120 941 3184 llrregung
953 3137 1002 3170 von
1015 3119 1126 3171 Mitleid.

58 3190 182 3243 obsidione
192 3204 246 3241 roro
296 3192 368 3242 licam
382 3191 515 3242 liberasset.
618 3188 741 3240 Afranius
754 3189 950 3252 Aeusscrungen
969 3188 1079 3239 konnten
1097 3203 1125 3238 so

91 3261 115 3312 3.
134 3261 213 3328 ἱρείη
267 3260 354 3311 rarius
373 3261 424 3311 und
436 3259 564 3311 Petreius.
620 3259 681 3309 oder
700 3275 728 3309 so
746 3256 889 3322 aufgefasst
903 3259 1021 3320 werden;
1049 3259 1127 3308 daher

60 3356 90 3366 —
108 3342 176 3395 erga
201 3330 376 3397 demolirem
394 3344 477 3379 suum.
516 3328 568 3378 Der
622 3325 741 3377 vel-vel.

61 3395 162 3463 Ground,
174 3412 272 3449 warum
290 3398 361 3449 diosc
380 3397 474 3449 Worte
492 3396 568 3447 iiber·
655 3396 678 3445 2.
696 3411 729 3458 se,
749 3397 793 3460 qui
812 3423 826 3432 —
844 3394 951 3446 columi
967 3396 1026 3458 geht
1043 3391 1089 3444 aul
1104 3409 1125 3442 c.

59 3466 134 3535 haupt
145 3471 248 3531 gesetzt
260 3466 326 3531 sind,
344 3467 491 3518 vcranlasst
503 3466 567 3517 anch
621 3465 652 3514 71
671 3480 694 3512 u.
715 3464 746 3513 72
768 3492 801 3501 -
825 3467 854 3513 ut
869 3480 944 3529 quam
960 3464 1126 3528 integerrimo

61 3534 234 3599 dicStcllung
246 3534 389 3587 derselben.
619 3530 840 3600 esserdadpocem
850 3536 948 3582 ornato:
962 3529 1126 3582 damitrllles

91 3604 115 3656 4.
144 3604 272 3673 prohiberi
293 3605 428 3669 ingressu:
458 3602 567 3654 Einhcr-
620 3600 662 3652 l'rir
681 3602 728 3651 den
746 3600 857 3652 Frieden
876 3602 940 3652 noch
964 3598 1125 3660 unversehrt‚

62 3673 205 3738 achreiten,
234 3670 300 3725 freis
334 3672 490 3736 bewegung:
528 3671 566 3721 sie
619 3670 646 3721 in
665 3669 720 3719 dem
742 3670 835 3720 Stande
856 3671 935 3732 edre,
956 3668 983 3717 in
1003 3666 1125 3716 walchem

62 3738 169 3793 liinnten
189 3740 283 3793 keinen
301 3740 400 3793 Schritt
418 3743 489 3806 thun,
511 3740 567 3791 sich
619 3754 676 3789 man
700 3736 742 3788 liir
766 3739 813 3788 den
837 3736 946 3788 Frieden
970 3736 1035 3785 noch
1060 3732 1125 3783 l'reie

65 3809 246 3862 nichtriihrcn.
619 3808 691 3858 Hand
714 3807 800 3869 hiitte3
825 3807 889 3856 nach
912 3806 983 3855 einer
1007 3802 1127 3853 Schlacht

96 3881 118 3929 5.
145 3877 181 3929 ad
196 3878 313 3929 minum
330 3878 490 3949 appliciore:
509 3894 566 3929 zum
620 3876 689 3926 wiire
703 3876 773 3926 nicht
791 3876 861 3925 mehr
879 3888 920 3923 res
933 3870 1081 3938 integratll.
1096 3868 1125 3920 G.

67 3946 210 3999 iusserston
244 3946 358 3999 Schrittc
394 3963 473 4013 gagen
510 3946 566 3998 sich
620 3947 644 4010 7,
658 3945 734 4009 30,2)
749 3958 918 4007 gewcsen.—
936 3942 1125 4006 euisqocinter-

113 4030 193 4073 cnm
206 4030 236 4073 ΙΙ.
250 4031 338 4075 anun.
949 4026 967 4080 8
