2572 4424
520 273 547 326 ll.
569 276 677 326 34-36.
1070 278 1128 339 155

150 432 201 493 35.
223 432 287 506 Qua
302 431 332 492 in
354 432 420 510 luga
434 430 542 492 Fabius
565 431 704 511 Pelignus
727 431 845 512 quidam
868 451 903 492 cu
919 430 1027 492 infimis
1048 433 1130 493 ordi-

63 517 154 579 nibus
166 519 204 580 de
217 517 348 580 exercitu
356 517 492 581 Curionis
504 516 634 597 primum
648 536 753 597 agmen
765 518 943 597 fugientium
952 526 1130 581 consecutus

13 614 16 619 '
62 622 170 683 magua
185 624 256 666 uoce
271 605 380 666 Varum
396 604 518 665 nomine
533 605 683 684 appellans
704 604 888 683 requirebat,
910 603 952 665 uti
971 622 1047 666 uuus
1063 624 1129 666 esse

63 708 101 751 ex
112 690 178 752 eius
190 690 334 752 militibus
347 700 376 752 et
387 708 511 751 monere
524 691 598 751 uelle
610 690 718 770 aliquid
730 710 764 751 ac
776 691 873 752 dicere
888 690 1045 751 videretur.
1075 691 1129 753 Ubi
1150 699 1165 749 2

62 777 111 839 itte
125 776 247 857 saepius
261 777 422 856 appellatus
443 776 558 855 aspexit
572 796 605 837 ac
619 776 731 837 restitit
746 786 789 847 et,
812 776 877 856 queis
893 783 973 837 esset
992 785 1044 838 aut
1058 778 1128 858 quid

64 862 166 936 uellet,
183 863 343 943 quaesivit,
364 864 525 924 humerum
546 870 681 942 apertum
703 862 795 942 gladio
817 863 930 942 appetit
950 864 1129 943 paulumque

63 948 152 1023 afuit,
173 948 246 1028 quin
261 950 369 1010 Varum
391 949 588 1020 interliceret3
609 950 688 1028 quod
705 948 754 1009 ille
776 949 939 1028 periculum
961 948 1077 1011 sublato
1094 951 1129 1012 ad

64 1035 129 1095 eius
144 1042 284 1095 conatum
301 1042 384 1096 scuto
396 1034 502 1095 vitavit.
533 1034 641 1096 Fabius
653 1055 669 1095 a
681 1035 825 1114 proximis
841 1034 986 1096 militibus
1001 1035 1131 1097 circum·

64 1128 172 1182 ventus
186 1120 371 1182 interficitur.
402 1120 462 1182 Hac
476 1120 653 1200 fugientium
670 1121 860 1183 multitudine
875 1140 909 1182 ac
923 1120 1010 1182 turba
1025 1130 1128 1201 portae
1150 1134 1166 1185 3

63 1214 230 1268 castrorum
247 1214 429 1286 occupantur
443 1214 532 1286 atque
547 1208 604 1268 iter
615 1207 784 1287 impeditur,
800 1207 959 1287 pluresque
972 1206 1003 1267 iu
1019 1228 1054 1269 eo
1066 1208 1130 1270 loco

63 1292 131 1353 sine
147 1292 271 1353 vulnere
285 1312 375 1372 quam
390 1292 421 1353 in
437 1293 548 1372 proelio
564 1301 614 1354 aut
628 1293 698 1373 fuga
712 1294 872 1366 intereunt,
889 1311 987 1373 neque
1002 1295 1129 1356 multum
1151 1310 1167 1359 4

63 1378 146 1452 afuit,
162 1378 238 1458 quin
254 1378 343 1439 etiam
359 1379 463 1440 castris
479 1380 707 1458 expellerentur,
726 1398 759 1440 ac
773 1379 911 1440 nonnulli
925 1380 1062 1459 protinus
1078 1400 1130 1441 eo-

64 1465 134 1525 dem
149 1482 240 1525 cursu
257 1464 288 1525 in
305 1465 446 1544 oppidum
468 1466 697 1527 contenderunt.
734 1465 792 1527 Sed
814 1485 880 1526 curu
902 1466 957 1526 loci
980 1474 1083 1527 natura
1099 1475 1130 1528 et
1152 1483 1167 1533 t

63 1549 192 1611 munitio
207 1558 372 1612 castrorum
389 1551 501 1612 aditum
517 1552 728 1630 prohibebunt,
752 1559 817 1612 tum
833 1551 914 1632 quod
929 1552 965 1613 ad
981 1552 1129 1631 proelium

62 1636 176 1716 egressi
191 1634 328 1698 Curionis
351 1637 462 1698 milites
478 1635 513 1697 iis
529 1637 618 1699 rebus
634 1637 814 1716 indigebant,
834 1656 908 1716 quae
924 1637 960 1698 ad
977 1656 1131 1717 oppugna-

62 1723 178 1783 tionem
192 1730 358 1783 caetrorum
375 1732 458 1784 erant
473 1723 551 1784 usui.
586 1724 689 1802 ltaque
706 1723 793 1785 Curio
810 1723 972 1784 exercitum
988 1724 1020 1784 in
1036 1732 1130 1786 castra
1151 1738 1167 1789 6

61 1808 187 1880 reducit,
195 1807 258 1869 suis
265 1808 404 1871 omuibus
411 1819 529 1890 praeter
535 1809 660 1870 Fabium
672 1809 882 1883 incolumibus,
897 1829 932 1870 ex
944 1827 1070 1871 numero
1078 1811 1132 1872 ad·

62 1893 261 1956 versariorum
278 1894 394 1957 circiter
405 1916 442 1957 nc
454 1895 619 1957 interfectis
631 1915 666 1957 ac
677 1895 756 1956 mille
768 1896 946 1968 vulneratis3
962 1897 1012 1975 qui
1025 1914 1131 1959 omnes
1150 1954 1153 1959 .

61 1980 196 2043 discessu
208 1980 345 2042 Curionis
358 1983 503 2061 multique
515 1991 666 2061 praeterea
678 2001 733 2061 per
743 1982 961 2043 simulationem
974 1985 1131 2045 vulnerum

61 2086 97 2127 ex
113 2065 218 2128 castus
234 2067 265 2127 in
281 2068 423 2146 oppidum
445 2077 566 2147 propter
580 2069 719 2129 timorem
737 2087 803 2129 sese
824 2068 981 2148 recipiunt.
1020 2071 1083 2144 Quia
1098 2089 1131 2131 re
1152 2080 1167 2129 7

59 2152 267 2215 animaduersa
286 2154 380 2216 Varus
397 2163 428 2216 et
448 2163 564 2216 terrore
585 2155 732 2216 exercitus
755 2154 887 2234 cognito,
911 2154 1085 2217 bucinatore
1100 2156 1131 2216 in

60 2238 165 2301 castris
180 2247 210 2299 et
225 2239 323 2318 paucis
335 2242 375 2302 ad
391 2241 522 2322 speciem
534 2241 731 2302 tabernaculis
743 2241 863 2315 relictis,
881 2242 917 2303 de
928 2241 1016 2302 tertia
1032 2241 1131 2321 vigilia

60 2324 183 2386 silentio
198 2325 360 2388 exereitum
376 2327 407 2387 in
423 2327 565 2407 oppidum
581 2327 704 2389 reducit.

148 2410 199 2473 36.
216 2410 338 2475 Postero
354 2413 401 2474 die
417 2414 506 2475 Curio
522 2414 660 2475 obsidere
678 2414 792 2475 Uticam
809 2422 839 2475 et
854 2414 927 2475 vallo
950 2414 1133 2475 circummu·
1151 2416 1154 2421 ’

61 2497 129 2559 nire
146 2497 285 2559 instituit
320 2498 392 2562 Erat
406 2499 438 2560 in
454 2500 562 2580 oppido
577 2500 734 2561 multitudo
750 2499 883 2560 insolens
898 2499 967 2561 belli
984 2500 1134 2562 diuturni·

95 2598 150 2658 85.
178 2610 199 2659 l.
218 2607 313 2660 Fabius
325 2609 377 2660 Pel.
396 2627 436 2675 qu.
454 2628 489 2661 eo)
505 2611 568 2676 infi·
623 2602 660 2667 εἷς
678 2605 745 2681 ἀνὴρ
758 2608 864 2670 ἔπεσεν,
878 2598 986 2680 Οὐάρου
1001 2607 1029 2659 ‹lt
1043 2599 1133 2668 ἑξακό-

59 2680 112 2728 ma's
127 2677 264 2728 ordeuibus.
294 2678 319 2729 S.
338 2695 369 2728 zu
391 2682 417 2744 l,
435 2680 477 2745 46,
494 2680 518 2730 4.
535 2707 569 2717 -
623 2681 734 2730 σιοικαὶ
745 2668 951 2758 κατετρώθησαν
962 2677 1133 2729 decultio-

58 2751 221 2798 eonsoeutus:
238 2750 259 2810 1,
271 2747 311 2809 15,
323 2746 347 2797 3.
622 2764 674 2804 osc
686 2748 756 2811 zcigt
767 2754 939 2810 wenrgstens,
952 2747 1010 2796 dass
1025 2761 1051 2797 cs
1065 2747 1135 2797 nicbt

97 2816 121 2865 2.
149 2816 285 2866 humerum
298 2819 423 2881 apertum.
465 2815 491 2866 ln
514 2817 569 2868 (leur
623 2817 725 2866 beissen
744 2814 871 2866 kuunDC
882 2815 1023 2879 intersectis
1038 2830 1067 2864 uc
1080 2815 1133 2865 tuu-

59 2883 157 2935 Worte
168 2884 447 2951 apertusliegtniebts,
460 2900 569 2935 wusuns
624 2887 730 2946 uorans,
750 2884 801 2934 wie
818 2883 844 2933 in
864 2884 911 2933 dou
929 2883 1037 2934 meisteu
1050 2883 1135 2934 Hand·

60 2952 172 3018 n‘dthigt,
194 2968 226 3002 an
247 2953 289 3005 die
308 2954 419 3004 recbte
443 2954 514 3006 Seite
538 2971 570 3002 zu
625 2952 750 3004 sebrilten
761 2953 837 3003 steht.
850 2952 924 3003 Zwei
934 2950 1134 3005 Handscbrilten

59 3021 169 3084 dcnken,
183 3022 214 3072 dn
226 3038 254 3073 os
266 3022 359 3073 ebenso
372 3030 418 3086 gut
426 3023 468 3074 dic
480 3022 569 3074 liuke
624 3024 704 3074 buben
720 3021 798 3083 vieille,
818 3021 860 3071 die
877 3018 1078 3087 liopeubugencr
1091 3023 1136 3073 bat

59 3091 117 3141 scin
141 3089 223 3154 kann,
246 3106 320 3142 wenn
342 3092 425 3143 Varus
453 3089 495 3142 liir
522 3092 569 3141 den
627 3092 674 3143 00.
701 3120 735 3128 ·-
763 3107 811 3157 per
836 3089 1021 3141 sauuutonen
1050 3090 1134 3141 vulno

58 3158 236 3223 Augcnblick,
259 3160 291 3209 du
315 3175 344 3210 er
372 3160 446 3211 einen
470 3159 574 3222 Angriff
624 3176 691 3212 euru.
718 3161 743 3210 S.
762 3162 782 3224 l,
796 3162 820 3225 9,
834 3159 857 3208 t.

58 3227 133 3278 nieht
153 3235 301 3289 erwartctc,
323 3229 369 3279 den
388 3228 475 3278 Scbild
500 3229 570 3278 niebt
659 3230 682 3279 7.
710 3230 804 3281 Varus.
843 3227 926 3279 Uobor
949 3228 990 3279 die
1015 3228 1136 3290 Stellung

59 3296 173 3347 erboben
189 3298 274 3359 hatte,
291 3313 332 3346 um
350 3297 406 3347 sicb
422 3314 454 3347 zu
466 3298 570 3348 decken.
626 3299 671 3349 des
687 3298 805 3348 Subiects
821 3297 950 3347 zwiseben
974 3290 1021 3348 den
1044 3297 1135 3347 beiden

58 3362 123 3415 Dies
139 3365 211 3429 zeigt
226 3365 340 3415 deutlich
356 3365 483 3416 sublato
494 3371 570 3428 sueto,
626 3366 869 3432 Participialsiitzcn
882 3382 901 3416 s.
916 3383 948 3415 zu
958 3364 981 3427 3,
995 3367 1036 3429 tc,
1052 3366 1072 3415 l.

59 3433 187 3485 docebor
207 3432 314 3484 aufdie
335 3434 493 3485 linlreSoite
516 3434 572 3484 bin·
660 3425 713 3485 36.
749 3437 769 3484 l.
805 3434 937 3485 rnultt'tudo
965 3434 1037 3484 nicht
1064 3433 1136 3484 ‘eine

59 3502 147 3564 weist,
171 3518 221 3553 von
243 3503 289 3552 dor
313 3519 342 3553 er
365 3504 444 3552 durcb
468 3505 572 3554 rascbes
626 3504 741 3569 Menge',
763 3505 873 3556 sondern
898 3503 949 3554 ‘die
970 3503 1070 3566 Meuge,
1091 3501 1136 3552 dus

60 3570 239 3636 Emporhebeu
262 3572 307 3621 des
332 3571 379 3622 mit
409 3571 454 3622 der
483 3572 571 3622 linlen
626 3572 754 3636 Volk’,B.
772 3571 802 3624 G.
824 3574 843 3636 1,
860 3572 900 3635 ll,
918 3574 945 3635 ²3
964 3573 988 3635 t,
1006 3571 1093 3633 2⁷,43
1112 3571 1136 3632 5,

59 3638 133 3690 Hand
148 3647 305 3704 getrugenen
322 3640 439 3691 Sebildes
455 3641 502 3691 den
519 3639 572 3690 An·
626 3642 667 3704 27,
681 3642 695 3688 3
709 3658 734 3691 u,
747 3644 770 3690 ὃ.
796 3640 874 3691 Dicse
887 3641 986 3703 Meuge,
1005 3639 1046 3688 die
1057 3638 1136 3688 durch

59 3707 125 3770 grill'
132 3708 272 3758 ebwebrtc.
625 3711 670 3760 dus
692 3710 845 3773 gelliicbtete
863 3708 996 3759 Lundvolk
1013 3708 1136 3770 vergrbs-

94 3776 118 3827 3.
138 3776 164 3826 H
166 3792 203 3825 ac
206 3778 272 3842 sug.
284 3775 445 3826 rnultitudiue
455 3776 568 3839 (beidie—
623 3785 678 3828 sert
689 3779 786 3840 wurde,
798 3778 864 3828 wird
877 3775 1073 3827 untersebieden
1085 3789 1135 3824 von

57 3844 566 3908 serbleugelsebliesstsichunsilban.
621 3847 669 3896 den
685 3846 799 3909 Biirgern
821 3862 869 3897 von
895 3845 969 3896 Utica
986 3843 1136 3905 (Uticenses)

90 3916 117 3965 6.
136 3913 190 3965 DC.
203 3915 347 3978 intersectis
358 3929 388 3965 ac
404 3912 471 3963 mille
483 3913 567 3964 culue·
619 3915 669 3964 und
682 3915 753 3966 diosc
765 3915 864 3966 wieder
877 3929 925 3963 von
939 3913 987 3962 den
1000 3912 1062 3962 dort
1074 3911 1133 3962 sich

57 3985 131 4034 ratis.
162 3981 227 4051 App.
246 3983 274 4047 2,
288 3984 331 4035 44=
348 3986 502 4055 Κουρίωνος
515 3981 567 4051 μὲν
620 3981 800 4036 uulbtdtendou
838 3982 980 4033 romiscbcn
1013 3981 1136 4045 Biirgern

1074 4048 1216 4164 Γ·
