2572 4424
66 265 107 329 gg
464 258 628 312 nunnmo
641 256 739 312 curu

155 419 205 480 52.
236 418 288 479 His
303 425 404 480 tamen
424 416 564 478 omnibus
583 432 701 477 annona
718 414 828 489 crevit3
844 434 919 496 quae
935 415 999 480 iere
1013 434 1132 480 resnou

67 509 161 570 solum
179 504 278 584 inopia
293 505 467 584 praesentis,
483 503 536 563 sed
553 502 642 564 etiam
654 501 749 565 futuri
761 502 904 582 temporis
916 502 1028 566 timore
1040 503 1133 584 iugra-

30 611 45 659 2
69 611 187 655 vescere
203 589 364 651 consuevit.
395 590 515 668 lamque
530 589 565 651 ad
583 589 720 650 denarios
736 606 752 647 u
765 587 797 648 in
810 588 942 668 singulos
954 589 1076 653 modios
1084 608 1133 653 an·

67 697 146 740 nona
161 684 352 756 pervenerat,
368 685 398 736 et
418 674 544 735 militum
561 675 637 735 vires
658 674 756 753 inopia
776 673 923 736 frumenti
938 676 1134 750 deminuerat,

31 775 46 824 3
67 772 156 845 atque
169 763 357 823 incommoda
369 761 470 822 indies
477 760 675 840 augebantur;
689 761 734 838 [et]
742 766 802 822 tam
810 760 910 839 paucis
916 759 1028 825 diebus
1035 780 1134 844 magna

67 857 131 910 orat
146 866 247 909 rerum
260 848 335 909 lacta
347 847 541 907 commutatio
553 865 588 908 ac
599 864 632 906 se
643 845 764 907 fortuna
776 846 979 921 inclinaverat,
995 855 1031 909 ut
1043 848 1134 910 nostri

67 953 172 1013 magua
188 933 288 1014 inopia
308 932 542 995 necessariarum
555 950 656 992 rerum
674 932 927 1006 conflictarentur,
943 932 986 994 illi
997 934 1135 996 omnibus

30 1035 47 1084 4
68 1021 255 1082 abundarent
269 1019 360 1080 rebus
376 1017 608 1097 superioresque
622 1017 814 1080 haberentur.
845 1017 952 1080 Caesar
962 1017 998 1079 iis
1011 1019 1135 1083 civitati-

67 1107 139 1178 bus,
156 1124 230 1184 quae
252 1106 286 1166 ed
309 1104 373 1166 eius
394 1103 552 1165 amicitiam
568 1111 762 1176 accesserant,
784 1103 864 1184 quod
879 1104 981 1164 minor
996 1113 1063 1168 erat
1077 1106 1137 1169 fru-

68 1192 159 1252 menti
177 1191 270 1271 copia,
286 1209 379 1270 pecus
394 1189 573 1268 imperabam
590 1190 708 1250 calones
721 1189 757 1250 ad
769 1189 994 1270 longinquiores
1005 1191 1137 1276 civitates

68 1277 252 1349 dimittebam
264 1277 327 1356 ipse
339 1283 527 1355 praesentem
543 1275 674 1354 inopiam
687 1274 795 1354 quibus
808 1283 924 1354 poterat
936 1276 1081 1341 subsidiis
1091 1286 1138 1340 tu-

67 1363 193 1424 tabatur.

155 1447 204 1508 53.
235 1448 313 1508 llaec
328 1446 468 1507 Afranius
495 1445 693 1525 Petreiusque
720 1453 750 1507 ct
776 1464 880 1507 eorum
895 1446 983 1508 amici
1006 1448 1139 1528 pleniora

32 1553 48 1602 2
70 1535 158 1596 etiam
175 1542 265 1614 atque
280 1532 420 1593 uberiora
435 1532 560 1593 Romam
578 1532 613 1592 ad
629 1550 699 1592 suos
715 1531 947 1610 perscribebant.
978 1534 1075 1596 Multa
1090 1553 1140 1596 ru·

33 1633 48 1682 3
70 1639 137 1681 mor
151 1619 317 1699 affingebat,
333 1625 368 1678 ut
389 1635 483 1696 paene
499 1617 609 1677 bellum
637 1617 806 1678 confectum
822 1617 981 1679 videretur.
1023 1620 1140 1694 Quibus

68 1705 175 1767 litteris
191 1704 363 1783 nuntiisque
379 1704 505 1777 Romam
521 1701 641 1781 perlatis
664 1703 762 1782 magni
779 1703 901 1764 domum
919 1722 1089 1768 concursus
1104 1706 1139 1767 ad

68 1792 222 1852 Afranium
235 1807 419 1870 magnaeque
429 1788 640 1868 gratulationes
653 1787 779 1863 fiebant3
790 1789 877 1872 multi
892 1809 929 1851 ex
939 1789 1024 1853 ltaha
1034 1792 1073 1854 ad
1090 1792 1139 1854 tn.

67 1912 141 1961 verda
162 1910 304 1976 legatorum
325 1910 430 1973 bom'gne
450 1911 509 1957 eunt
528 1923 576 1958 oe-
631 1908 821 1960 demhb'ehsten
834 1909 907 1961 Preis
920 1908 1063 1976 gestingen.
1094 1911 1141 1962 Die

69 1978 129 2041 dito,
143 1994 219 2045 qnam
230 1981 385 2027 momontum
397 1975 432 2026 ad
440 1975 577 2026 mutandos
631 1977 752 2027 Soldaten
768 1978 857 2030 hatten
869 1978 990 2042 iibrigeus
1004 1979 1063 2030 ihre
1076 1980 1140 2032 Ver·

69 2051 169 2097 animos
179 2049 327 2097 onomat.
631 2046 1039 2112 ptlegungselbstzuhestreiteu.
1053 2047 1140 2112 VergL

104 2107 157 2166 52.
186 2116 208 2166 1.
233 2118 332 2164 tamen:
357 2127 431 2163 wana
450 2113 513 2163 aueh
532 2114 577 2164 der
632 2130 654 2162 c.
668 2114 791 2178 52‚t;B.
805 2111 860 2165 Ala.
874 2115 916 2179 47,
929 2115 953 2165 4.

70 2184 177 2236 Verlust
200 2182 273 2232 nieht
295 2180 437 2232 bedentend
460 2182 510 2230 und
535 2181 577 2232 die
665 2182 690 2232 4.
708 2185 987 2251 praesmrtemtnopiam
1003 2184 1139 2247 totietatem

71 2252 152 2302 Saehe
174 2251 208 2300 im
231 2248 333 2300 Ganzen
358 2255 403 2313 gut
426 2247 577 2312 abgeleuieu
632 2249 682 2299 wie
700 2266 721 2300 e.
741 2251 805 2314 7,7:
822 2252 932 2301 iniuriae
948 2249 1084 2316 ‹quertdere
1099 2267 1141 2317 ge-

70 2336 126 2370 war
148 2319 179 2381 (e.
201 2318 243 2381 51,
264 2317 303 2381 6),
325 2332 353 2366 so
376 2317 494 2367 entstend
515 2317 579 2366 doch
632 2317 739 2368 braueht
755 2340 772 2360 =
788 2318 936 2383 ahwehreu,
960 2315 1004 2369 fiir
1028 2320 1074 2370 das
1098 2335 1141 2384 ge-

72 2387 151 2437 dureh
177 2385 229 2436 alle
251 2384 314 2435 eheu
336 2382 505 2449 augesuhrteu
528 2383 579 2435 Zu-
632 2385 806 2436 wb'huliehere
826 2401 884 2436 suos
904 2387 1033 2438 tutabatur
1053 2389 1085 2439 ab
1102 2390 1141 2437 tn-

72 2454 161 2505 sttinde
179 2453 221 2503 ein
242 2453 351 2503 anderer
366 2452 517 2516 Nachtheil,
535 2453 579 2502 des
633 2455 694 2519 opto,
711 2453 737 2502 in
750 2453 828 2504 Prose
842 2455 906 2505 ohne
917 2454 1040 2521 Beispiel
1070 2456 1142 2520 [sall.

73 2521 177 2586 Steigeu
187 2521 232 2571 der
241 2520 401 2584 Theuerung.
412 2536 516 2585 —quoe
524 2536 579 2571 res:
634 2519 723 2584 fragm.
741 2536 778 2571 or.
796 2521 856 2590 Lep.
874 2521 890 2588 ξ
906 2523 917 2572 1
935 2523 1002 2573 wird
1016 2522 1085 2588 jetzt
1101 2521 1142 2574 iiir

73 2591 118 2640 das
139 2604 247 2639 crescere
262 2590 308 2639 der
323 2604 437 2650 annona3
460 2589 501 2639 eiu
522 2587 580 2639 Urn-
633 2587 743 2638 tutandis
761 2589 881 2656 pem'cubtr
903 2590 1008 2655 gelesen
1036 2591 1143 2643 mund&

74 2659 161 2723 stand,
179 2658 225 2708 der
241 2676 289 2720 -,·
304 2672 346 2707 rer
361 2673 417 2708 war
434 2657 511 2707 daher
523 2655 580 2705 hier
631 2657 694 2723 pen]

74 2727 244 2790 uothwcndig.
670 2714 723 2775 53.
752 2724 774 2774 1.
795 2727 982 2792 praenitebant
1005 2727 1032 2778 in
1057 2728 1140 2780 seiuer

108 2796 131 2845 2.
154 2794 188 2845 ad
207 2793 323 2844 moerim
343 2791 371 2843 L.
407 2793 466 2842 Men
486 2792 580 2842 hb'nnte
635 2792 783 2856 Bedeutuug
806 2792 973 2846 ‘ausl'rihrlich
993 2796 1145 2862 herichten'‚

73 2862 341 2928 diellistrihutivzahl
354 2869 480 2911 erwnrten
495 2861 528 2923 (i,
543 2861 581 2923 l'l,
635 2876 699 2924 ganz
729 2863 837 2927 pusseud
871 2879 903 2913 zu
929 2863 1045 2930 penora
1074 2870 1145 2933 atque

74 2931 113 2991 4);
141 2930 204 2980 doeh
228 2930 336 2980 braneht
359 2929 430 2979 diese
454 2928 526 2978 nicht
550 2944 581 2976 zu
635 2929 766 2978 uberiora:
803 2930 867 2980 noch
897 2935 1066 2996 vergriissert
1094 2934 1145 2985 und

75 2998 173 3062 stehen,
186 3013 259 3047 wonn
273 2997 314 3047 die
323 2995 493 3058 Vertheilnug
503 2997 581 3045 durch
635 2997 808 3048 iibertrieben.
849 2998 908 3049 Mau
921 3001 1036 3053 erziihlte
1050 3002 1106 3054 sich
1118 3003 1145 3052 in

76 3064 118 3115 eiu
139 3064 294 3114 besouderes
313 3064 392 3113 Wort
413 3064 449 3124 tie
468 3062 583 3127 cingulos
636 3064 706 3128 Rom,
720 3064 799 3116 Ctser
811 3067 850 3117 sei
863 3065 1083 3136 eingesohiosson,
1096 3086 1147 3122 von

75 3130 179 3193 modios)
196 3130 347 3182 bezeichnet
362 3129 406 3180 ist.
437 3129 489 3180 Cic.
506 3131 582 3183 Verr.
636 3133 723 3184 saineu
734 3132 852 3201 Truppen
862 3134 1004 3201 verlassen,
1015 3153 1148 3204 sogarge-

76 3200 101 3264 2,
124 3200 168 3248 55:
194 3197 304 3263 singolis
324 3198 465 3248 meroribus
484 3197 585 3250 mou
636 3198 735 3264 langon.

76 3268 178 3317 trecenti
197 3266 316 3333 imperati
333 3270 398 3315 cunt
434 3267 530 3317 Jodoch
546 3267 583 3317 ist
671 3269 694 3318 2.
712 3269 964 3336 reimerusfingedut
996 3271 1024 3322 Β.
1037 3271 1070 3325 G.
1085 3276 1109 3340 7,
1124 3275 1148 3341 l,

76 3334 115 3384 sie
131 3336 196 3385 euch
211 3334 238 3384 in
251 3333 345 3384 diesem
358 3332 583 3399 Fellegchrtiueh-
637 3335 664 3384 2:
691 3334 786 3386 addunt
812 3339 863 3405 ipsi
886 3342 910 3387 et
934 3339 1078 3406 qsfingunt
1100 3358 1147 3394 ro-

76 3402 166 3457 licher.
188 3402 582 3465 EinDeuarist=4Sesterzen‚
636 3405 754 3453 merus.

77 3472 140 3521 uach
157 3487 273 3521 miserem
287 3469 368 3521 Gelde
384 3494 401 3513 =
414 3469 452 3535 ⁶3⁵
466 3472 523 3535 Sgr.
547 3470 582 3520 lls
671 3472 694 3520 3.
705 3471 806 3522 domum
813 3474 1148 3544 concursusadqfrontum.

76 3539 133 3590 hom
149 3540 228 3591 daher
244 3541 290 3590 der
301 3539 401 3590 Modius
414 3541 470 3603 (der
482 3539 582 3589 sechste
637 3538 717 3588 ctsaa
735 3547 793 3604 sagt
811 3542 881 3593 nieht
901 3545 928 3592 e'n
949 3543 1052 3595 domum
1075 3547 1149 3608 (oder

76 3607 153 3659 Theil
170 3608 240 3658 eines
257 3608 436 3675 preussisehen
449 3606 582 3668 Schellels)
636 3604 746 3669 domum)
759 3609 876 3673 Asconii,
890 3611 940 3661 wie
954 3612 979 3676 2,
993 3612 1040 3677 18,
1054 3611 1083 3662 2:
1103 3629 1148 3664 ar-

76 3673 128 3726 lust
140 3675 185 3727 auf
196 3678 223 3726 ll
239 3676 346 3741 Thaler,
358 3676 478 3726 withrend
495 3676 522 3724 iu
539 3690 583 3738 ge·
636 3690 680 3724 ma
691 3677 719 3724 ie
730 3674 830 3726 doraum
843 3675 951 3729 Gallonio*
961 3681 1070 3744 eontulit,
1086 3683 1149 3734 weil

76 3744 236 3795 withnlicheu
249 3745 342 3795 Zeiteu
360 3746 423 3794 uach
441 3743 492 3792 Cic.
506 3743 582 3793 Verr.
637 3744 747 3793 dadnreh
768 3745 813 3795 der
829 3745 927 3809 Begrill
948 3747 992 3798 des
1013 3749 1149 3802 Persiinli-

77 3813 102 3877 3,
120 3815 192 3862 7511.
210 3815 242 3864 85
260 3814 305 3863 der
322 3813 396 3863 Stant
416 3814 462 3862 deu
480 3811 582 3861 Modius
637 3813 708 3874 chen,
721 3813 766 3862 das
779 3812 804 3861 in
818 3813 1081 3869 diesenderFamilie
1092 3821 1149 3884 gel-

76 3882 212 3932 hb'ehstens
236 3898 267 3930 zu
292 3880 330 3948 334
352 3907 385 3916 -
407 3882 422 3930 4
446 3879 581 3931 Sesterzeu
636 3881 728 3930 tenden
750 3880 878 3932 Besucheu
904 3882 978 3947 liegt,
1004 3888 1149 3941 verwisoht

77 3947 173 4000 hausto.
189 3977 223 3986 —
236 3953 411 4017 peruenerat:
428 3963 483 3998 war
498 3947 582 3998 biszu
636 3948 739 4011 winde,
762 3949 824 3999 aher
851 3952 915 4000 auch
943 3952 1015 4005 uieht
1035 3953 1092 4006 blus
1114 3958 1150 4009 ad
