2572 4424
562 288 601 342 111.
615 288 724 340 22-24.

1110 285 1171 350 187

190 450 241 512 23.
261 448 336 511 Libo
356 446 508 528 profectus
528 446 565 509 ab
582 444 668 507 Orico
685 463 753 506 cum
769 445 871 517 classe,
893 442 941 505 cui
955 449 1099 523 praeerat,
1116 460 1170 505 na-

101 537 186 599 rium
207 557 241 612 ι,
267 535 460 597 Brundisium
482 534 563 595 venit
589 533 794 611 insulamque,
822 549 897 611 quae
926 536 1029 591 eontra
1049 535 1170 608 portum

102 622 322 686 brundisinum
334 630 386 693 est,
408 620 571 699 occupavit,
592 620 672 698 quod
693 626 843 697 praestare
864 616 1061 677 arbitrabatur
1075 633 1171 675 unum

102 711 214 781 locum,
230 727 289 789 qua
304 705 486 769 necessarius
502 705 612 767 nostris
628 713 689 766 erat
704 722 851 783 egressus,
867 722 956 782 quam
973 701 1072 763 omnia
1087 700 1173 763 litora

103 816 140 857 ac
153 802 261 875 portus
276 792 409 855 custodia
427 792 540 853 clausos
556 791 660 852 teneri.
698 791 752 851 llic
766 790 921 868 repentino
937 789 1066 848 adventu
1081 804 1172 848 nares
1194 798 1209 847 2

104 882 258 943 onerarias
273 880 415 961 quasdam
431 886 536 939 nactus
552 877 685 938 incendit
707 885 737 937 et
753 893 844 937 unam
866 877 1016 936 frumento
1033 882 1173 933 onustam

104 967 230 1030 abduxit
245 983 446 1046 magnumque
461 964 572 1025 nostris
593 976 738 1024 terrorem
754 961 856 1024 iniecit
878 969 908 1022 et
923 966 1014 1021 noctu
1031 958 1172 1020 militibus

104 1073 140 1115 ac
157 1052 315 1134 sagittariis
335 1051 494 1113 interram
515 1049 657 1129 expositis
678 1048 858 1129 praesidium
874 1047 1008 1126 equitum
1024 1043 1128 1106 deiecit
1143 1050 1172 1105 ot

104 1140 181 1202 odeo
196 1139 254 1201 loci
268 1137 490 1217 opportunitate
502 1136 636 1216 profecit,
653 1135 697 1196 uti
712 1136 746 1195 ad
760 1133 936 1213 Pompeium
948 1132 1059 1193 litteras
1071 1130 1175 1191 mitte·
1195 1137 1210 1187 3

104 1236 161 1298 ret,
178 1243 269 1287 naves
284 1224 422 1304 reliquas,
439 1223 464 1284 si
478 1224 572 1297 vellet,
590 1222 714 1283 subduci
731 1229 761 1282 et
771 1220 852 1282 refici
868 1219 997 1282 iuberet:
1015 1236 1066 1280 sua
1081 1217 1175 1279 classe

106 1311 214 1373 auxilia
229 1329 296 1371 sese
313 1309 444 1371 Caesaris
459 1308 689 1389 prohibiturum.

194 1397 245 1459 24.
260 1396 332 1457 Erat
347 1414 383 1455 eo
399 1403 534 1475 tempore
547 1394 696 1456 Antonius
708 1395 874 1469 Brundisii3
890 1393 915 1456 is
929 1395 1035 1456 virtute
1048 1394 1176 1456 militum

106 1484 238 1545 confisus
253 1483 377 1562 scaphas
392 1482 513 1542 navium
530 1499 702 1559 magnarum
719 1482 837 1543 circiter
852 1501 888 1542 cx
904 1481 1034 1541 cratibus
1050 1482 1176 1561 plateis-

106 1589 165 1651 que
181 1567 315 1630 contexit
330 1586 426 1647 eoque
443 1567 553 1627 milites
568 1568 699 1628 delectos
714 1568 858 1646 imposuit
872 1575 962 1646 atque
979 1586 1027 1627 eas
1043 1568 1074 1628 in
1090 1568 1176 1628 litore

105 1655 244 1735 pluribus
260 1655 333 1715 locis
349 1653 508 1733 separatim
524 1654 670 1732 disposuit
686 1671 834 1733 navesque
849 1654 989 1713 triremes
1005 1654 1086 1727 duas,
1103 1673 1176 1733 quas

106 1740 251 1802 Brundisi
263 1740 411 1802 faciendas
423 1748 584 1812 curaverat,
591 1757 767 1818 percausam
781 1739 1016 1800 exercendorum
1029 1740 1176 1819 remigum

107 1828 144 1889 ad
164 1827 266 1888 fauces
286 1834 392 1907 portus
412 1826 531 1906 prodire
552 1825 646 1885 iussit..
694 1826 753 1886 Has
776 1845 843 1886 com
871 1825 1009 1886 audacius
1035 1844 1175 1905 progres-
1197 1836 1213 1886 2

107 1932 155 1975 sas
169 1912 246 1973 Libo
261 1912 392 1985 vidisset,
415 1929 538 1991 sperans
554 1912 692 1992 intercipi
713 1930 802 1992 posse
818 1911 1021 1991 quadriremes
1044 1932 1060 1971 v
1076 1913 1109 1973 ad
1127 1932 1176 1974 eas

107 1998 201 2060 misit.
218 1998 300 2072 Quae
309 2017 378 2059 cum
385 1997 626 2059 navibusnostris
634 1998 934 2078 appropinquassent,
942 1999 1039 2060 nostri
1047 2000 1178 2060 veterani

107 2085 139 2145 in
152 2092 273 2165 portum
290 2083 492 2164 refugiebant:
509 2083 550 2144 illi
566 2084 665 2145 studio
681 2084 795 2145 incitati
807 2084 955 2145 incautius
968 2085 1177 2164 sequebantur.

106 2172 169 2232 Iam
182 2189 220 2231 ex
232 2169 372 2230 omnibus
385 2169 519 2249 partibus
527 2169 818 2231 subitohntonianae
830 2172 954 2250 scaphae
967 2171 1049 2249 signo
1063 2172 1130 2231 dato
1144 2190 1176 2232 se
1198 2174 1214 2224 3

108 2256 140 2318 in
149 2257 255 2319 hostes
266 2255 627 2335 incitaveruntprimoque
635 2257 848 2335 impetuunam
861 2257 949 2317 exhis
957 2256 1176 2337 quadriremem

108 2362 178 2405 eum
193 2342 359 2421 remigibus
372 2342 641 2422 defensoribusque
654 2343 716 2402 suis
732 2351 886 2422 ceperunt,
902 2342 1032 2423 reliquas
1048 2343 1178 2422 turpiter

108 2430 247 2509 refugere
264 2434 432 2508 coegerunt.
464 2428 507 2488 Ad
520 2429 577 2488 hoc
592 2428 805 2489 detrimentum
820 2429 954 2503 accessit,
976 2438 1009 2489 ut
1026 2429 1177 2509 equitibus
1199 2437 1214 2487 4

108 2533 164 2595 per
179 2532 263 2575 oram
275 2513 453 2574 maritimam
468 2513 503 2574 ab
516 2512 647 2573 Antonio
660 2514 811 2594 dispositis
823 2515 924 2594 aquari
938 2515 1178 2594 prohiberentur.

106 2772 210 2827 porum,
222 2757 265 2809 die
277 2757 466 2822 Abhaltuagen,
479 2758 524 2811 di·
534 2759 559 2808 in
573 2760 619 2810 der

109 2828 170 2879 Zeia
190 2827 283 2891 lagen,
305 2826 347 2877 die
368 2826 409 2876 die
425 2826 619 2879 Zeitumstiinde

110 2896 157 2947 mit
168 2895 227 2946 sich
238 2894 375 2947 bruchton:
388 2910 443 2945 eoru
453 2897 619 2960 magistratus

111 2964 173 3015 eliis
190 2964 268 3016 rebus
286 2964 403 3030 occupati
418 2972 505 3015 essent
518 2973 544 3015 et
556 2973 620 3016 tem-

111 3032 465 3101 perahominesoccuporent.
485 3033 619 3084 Dennman

112 3102 201 3152 wiirde
214 3108 292 3151 unter
300 3100 389 3151 diesen
399 3100 554 3152 Umstiinden
564 3103 619 3153 dem

112 3168 235 3234 Auiruhr,
257 3186 331 3221 werra
353 3186 382 3221 er
403 3170 571 3234 niehtgleich
585 3172 619 3221 im

111 3238 209 3303 Region
221 3238 301 3289 durch
314 3238 361 3288 den
371 3236 426 3288 Tod
436 3239 482 3289 der
492 3238 620 3291 Austifter

112 3307 237 3372 beseitigt
248 3307 352 3357 worden
364 3308 443 3371 u'iire,
457 3308 527 3358 nieht
537 3324 620 3372 georg

111 3362 192 3427 haben
206 3376 336 3440 bcgegncn
349 3374 456 3426 kb‘nnen.

145 3435 200 3495 28·
226 3446 249 3495 1.
272 3444 305 3493 ab
326 3442 397 3495 Orico
415 3445 465 3494 und
483 3462 504 3495 c.
519 3447 588 3511 24,4
604 3464 620 3497 a

112 3513 260 3576 Brundisio,
271 3512 321 3563 wie
332 3510 370 3563 ost
379 3512 420 3564 bei
431 3514 486 3564 dem
491 3514 619 3579 Absegcln

113 3582 185 3633 einer
203 3580 292 3632 Flotto
314 3582 376 3632 oder
397 3583 452 3633 dem
464 3582 620 3635 Ahmarsehc

114 3651 184 3703 eines
202 3648 283 3701 fleers
305 3666 355 3700 von
377 3650 459 3700 einem
478 3650 555 3716 Orte,
578 3654 619 3703 bei

113 3720 169 3770 dom
181 3734 210 3769 es
223 3719 281 3782 lag3
299 3734 320 3769 s.
337 3722 359 3782 1,
374 3720 413 3783 11,
425 3720 451 3782 4,
467 3736 498 3769 zu
510 3719 536 3769 B.
551 3719 581 3771 G.
595 3723 619 3785 ’1,

114 3789 155 3851 43,
176 3789 200 3839 5.
223 3815 255 3823 -
276 3786 440 3852 desolatoque,
464 3804 528 3853 quoe
541 3818 558 3825 —
574 3795 619 3841 est.

114 3855 182 3906 Mela
199 3855 225 3920 2,
243 3856 268 3920 ’1,
287 3856 331 3906 13:
352 3855 489 3907 Brundtba'o
503 3857 620 3908 adiacens

115 3924 252 3989 Pharos,
269 3924 338 3989 jetzt
357 3922 467 3975 Lucina.
487 3955 521 3962 -
539 3926 618 3976 beram

116 3992 306 4059 qunr2,15,1.

709 2761 731 2809 2.
753 2776 827 2811 reatos
836 2761 1054 2812 noctrrsincende't:
1067 2779 1088 2812 c.
1102 2763 1140 2826 12,
1151 2766 1179 2825 3;

675 2829 716 2894 21,
737 2832 761 2880 4.
783 2858 815 2865 -
835 2830 933 2880 deiecit:
956 2831 1068 2881 vertrieb
1082 2831 1121 2881 sie
1134 2847 1179 2882 ous

674 2898 755 2949 ihren
768 2899 874 2949 Postea:
893 2898 942 2949 loeo
959 2897 1050 2966 depulit
1066 2917 1087 2951 e.
1100 2900 1142 2963 52,
1155 2901 1178 2951 2.

709 3027 761 3085 24.
787 3036 808 3085 1.
832 3038 855 3084 ts
874 3039 968 3086 edrtutc.
998 3036 1077 3088 Ciisar
1095 3040 1180 3104 pilegt,

674 3120 747 3154 wenn
767 3121 795 3155 cr
812 3105 886 3154 einen
899 3105 975 3155 Manu
988 3104 1051 3156 kurz
1064 3108 1180 3157 eru‘iihot

674 3175 724 3223 und
736 3174 801 3224 donn
814 3171 911 3238 zufdgt,
924 3190 977 3224 was
990 3174 1076 3225 dieser
1088 3178 1180 3239 gethan

673 3244 731 3305 hat,
753 3244 800 3292 den
813 3242 963 3308 Uebergang
982 3244 1052 3294 nieht
1063 3247 1110 3295 mit
1123 3245 1178 3294 dem

675 3311 835 3374 belotivum,
856 3313 966 3362 sondern
988 3312 1034 3363 mit
1054 3315 1109 3364 dem
1130 3313 1179 3363 De-

674 3380 869 3430 monstrativum
888 3397 919 3430 zu
932 3381 1025 3431 bilder.
1051 3382 1139 3444 tergi.
1155 3382 1178 3444 2,

675 3449 715 3513 28,
731 3448 852 3512 1;3,39,
868 3451 893 3512 1;
913 3451 936 3512 3,
952 3450 1008 3513 108,
1024 3452 1179 3500 i.-er·ati·

674 3519 719 3566 bus
726 3516 876 3584 pluteisque:
887 3534 916 3568 er
925 3519 1039 3568 sehiitzte
1050 3518 1091 3567 die
1100 3518 1179 3568 Boote

674 3603 705 3636 on
731 3587 778 3637 den
801 3585 887 3636 Seiten
913 3588 992 3636 durch
1014 3585 1178 3636 Fleehtwcrk

674 3655 723 3704 und
739 3655 928 3706 Brustwehren.
950 3682 984 3690 -
999 3670 1026 3704 ao
1044 3678 1061 3696 =
1077 3654 1103 3704 in
1122 3668 1177 3704 eas:

676 3726 699 3787 1,
711 3725 753 3785 to,
767 3723 790 3774 2.
804 3753 836 3760 -
847 3739 893 3791 per
904 3739 1021 3774 corcram:
1034 3730 1109 3772 noter
1122 3723 1177 3772 dem

674 3793 830 3857 bernarde,
854 3793 904 3843 wie
926 3792 1014 3841 immer
1035 3791 1077 3841 bei
1099 3792 1177 3840 Ciisar

675 3878 724 3910 von
742 3861 824 3912 ciuem
840 3861 960 3923 hrrgirten
974 3858 1091 3922 Grunde;
1110 3875 1130 3909 s.
1145 3876 1177 3908 zu

673 3948 695 3980 c.
709 3931 750 3992 16,
774 3930 801 3992 13
823 3932 864 3991 81,
886 3932 913 3990 4;
934 3929 961 3979 B.
976 3926 1005 3978 G.
1020 3930 1044 3993 ’1,
1064 3928 1088 3992 9,
1109 3929 1177 3979 1.-

666 4001 776 4066 faueas:
792 4000 814 4063 1,
828 3998 868 4062 25,
881 3999 905 4047 5.
