2572 4424
559 304 600 359 ill.
617 308 729 360 84-87.
1113 317 1176 378 245

107 461 245 524 tudinem
258 461 375 542 longine
389 480 406 523 a
425 461 499 523 vallo
514 480 580 524 esee
599 462 695 524 aciem
710 463 833 543 Pompei
850 483 1045 546 progressam,
1061 476 1172 532 utnon

107 545 212 628 iniquo
226 547 292 608 loco
312 565 400 628 poseo
419 547 553 609 dimicari
572 548 732 609 videretur.
769 549 855 610 'lunc
874 552 981 613 Caesar
998 554 1075 631 apud
1091 573 1171 627 suos,
1195 570 1211 620 4

106 651 176 695 cum
185 632 247 694 iam
258 640 341 694 eeeet
351 650 456 713 agnmn
467 633 499 695 in
512 633 615 713 portis,
632 634 848 696 ‘llitierendum
861 639 927 710 est',
938 637 1046 716 inquit,
1063 639 1128 699 ‘iter
1140 639 1171 699 in

106 717 278 800 praesentia
303 719 392 780 nobie
412 719 501 779 etde
522 720 636 796 proelio
657 720 861 799 cogitandum,
884 722 962 783 sieut
982 741 1100 802 semper
1120 726 1173 785 de-

105 803 308 885 poposcimue
342 803 452 864 Animo
471 805 566 865 aimus
586 806 621 865 ad
643 804 846 867 dimicandum
868 808 979 886 parati:
1006 826 1069 868 non
1090 809 1175 870 facile

105 889 294 951 occasionem
308 897 413 969 poetee
425 889 634 969 reperiemue'3
655 891 876 971 confestimque
897 893 1049 972 expeditae
1071 895 1173 974 copiae

106 975 216 1037 educit
318 997 322 1000 ·
581 1005 585 1012 ·
866 974 884 1013 θ

190 1058 242 1122 86.
264 1058 427 1139 Pompeius
452 1078 587 1140 quoque,
609 1065 644 1120 ut
663 1068 766 1138 poetea
788 1062 943 1140 cognitum
967 1071 1027 1137 eet,
1048 1083 1172 1126 suorum

105 1145 243 1207 emnium
257 1146 377 1206 hortatu
390 1152 533 1206 statuerat
547 1145 659 1224 proelio
678 1146 840 1207 decertare.
876 1147 1011 1227 Namque
1034 1149 1125 1210 etiam
1141 1151 1172 1210 in

106 1229 232 1293 conessio
252 1229 456 1310 superioribus
476 1230 581 1291 diebus
603 1230 731 1302 dixerat,
757 1232 929 1310 priusquam
957 1243 1171 1295 concurrerent

105 1316 190 1390 acies,
205 1316 272 1378 iore
286 1315 330 1376 uti
345 1315 492 1377 exercitus
504 1315 637 1376 Caesarie
652 1315 822 1394 pelleretur.
858 1318 891 1378 ld
906 1337 975 1378 cum
990 1327 1093 1379 essent
1107 1321 1170 1399 ple·
1191 1332 1207 1382 2

105 1401 190 1482 rique
204 1400 351 1474 admirati,
366 1401 445 1462 ‘Scio
460 1402 528 1473 me'‚
543 1401 649 1480 inquit,
666 1406 770 1480 ‘paene
784 1402 987 1464 incredibilem
1001 1421 1067 1464 rem
1083 1405 1171 1482 polli-

104 1487 180 1560 ceri3
201 1487 256 1548 sed
271 1486 419 1547 rationem
435 1485 549 1548 consilii
564 1487 624 1546 mei
643 1486 774 1565 accipite,
796 1506 855 1565 quo
875 1487 1007 1548 firmiore
1022 1490 1124 1549 animo
1139 1491 1172 1550 in

104 1572 250 1653 proelium
271 1571 431 1650 prodeatie
466 1571 605 1632 Persuasi
621 1571 772 1650 equitibus
786 1572 898 1632 nostris
916 1571 1019 1651 (idque
1035 1573 1109 1633 mihi
1125 1575 1170 1633 ia·
1193 1590 1208 1637 3

103 1666 206 1719 cturoe
222 1657 486 1733 confirmaverunt)
501 1664 545 1729 ut,
567 1675 635 1718 cum
653 1657 778 1738 propius
794 1657 832 1717 sit
848 1674 1012 1727 accessum,
1032 1658 1170 1718 dextrum

104 1743 239 1806 Caesarie
253 1760 348 1804 comu
361 1743 398 1804 ub
413 1743 505 1804 latere
520 1750 621 1821 aperto
633 1742 865 1820 aggrederentur
876 1750 906 1801 et
918 1741 1119 1802 circumventa
1133 1743 1170 1803 ab

103 1836 185 1910 tergo
201 1828 264 1890 acie
278 1828 362 1908 prius
376 1826 583 1908 perturbatum
599 1827 761 1888 exercitum
776 1827 929 1906 pellerent,
945 1844 1034 1906 quam
1050 1828 1169 1888 anobis

103 1915 196 1976 telum
211 1913 244 1973 in
258 1914 376 1974 hostem
392 1913 547 1973 iaceretur.
577 1913 620 1974 lta
635 1913 702 1974 eine
717 1911 847 1991 periculo
861 1912 1014 1990 legionum
1030 1920 1060 1972 et
1075 1930 1169 1992 paene
1191 1925 1208 1974 4

106 1998 170 2062 eine
190 1999 314 2060 vulnere
337 1998 448 2059 bellum
471 1997 673 2060 conficiemus.
715 1997 749 2058 ld
768 2005 868 2058 autern
893 1997 1012 2059 dilficile
1032 2016 1094 2058 non
1116 2007 1171 2070 est,

105 2103 174 2146 cum
188 2091 308 2145 tantum
325 2083 459 2163 equitatu
478 2084 646 2144 valeamus’.
678 2083 772 2143 Simul
794 2083 992 2156 denuntiarit,
1013 2091 1047 2143 ut
1070 2093 1172 2145 essent
1193 2094 1208 2142 5

105 2170 206 2232 animo
221 2169 314 2249 parati
328 2168 361 2229 in
376 2177 529 2249 posterum
543 2176 581 2241 et,
598 2168 737 2248 quoniam
752 2169 838 2229 lieret
853 2168 1013 2229 dimicandi
1028 2176 1171 2247 potestas,

105 2262 140 2318 ut
153 2273 244 2334 caepe
259 2253 480 2334 optavissent,
496 2272 536 2315 nc
552 2272 612 2314 usu
628 2271 782 2334 manuque
798 2253 982 2333 reliquorum
997 2251 1169 2332 opinionem
1236 2249 1239 2256 '

106 2341 251 2404 fallerent

190 2425 242 2486 87.
264 2425 349 2485 Hunc
362 2423 513 2485 Labienus
530 2423 644 2503 excepit
663 2431 702 2496 et,
724 2441 792 2483 cum
809 2423 939 2484 Caesarie
954 2422 1054 2502 copiae
1075 2421 1173 2501 despi-

139 2635 164 2684 4.
182 2635 279 2684 Anima
288 2634 386 2699 parati.
404 2632 430 2683 S.
447 2648 479 2681 zu
496 2632 521 2695 2,
534 2630 574 2695 ³4,
589 2630 612 2679 6.
667 2633 735 2691 cent,
759 2630 952 2693 regnavisset,
977 2630 1173 2694 flagitam’seent,

105 2701 270 2766 Plutl'enp.
284 2699 330 2750 ὅθι
343 2696 358 2749 ὁ
373 2689 425 2750 οὖν
441 2703 557 2760 Καῖσαρ
574 2698 613 2748 el·
667 2699 824 2763 optum'aeent
850 2696 1048 2760 vorgeeohltgen
1071 2698 1175 2747 worden

105 2766 171 2822 ndo
197 2766 249 2832 τὴν
276 2765 514 2884 apostoaeopop
536 2763 614 2829 ἥκειν
668 2765 711 2826 ist)
728 2764 807 2814 bildet
823 2763 896 2813 einen
918 2764 1058 2828 paseeuden
1076 2762 1175 2827 (legen-

103 2833 220 2907 ἡμέραν,
231 2823 371 2907 iringis·
379 2829 415 2886 ἅν
433 2851 491 2902 ρας,
501 2829 534 2884 οὐ
543 2829 615 2904 πρὸς
668 2839 723 2882 eata
741 2847 772 2881 zu
792 2847 843 2881 um
858 2847 1000 2895 mmupace:
1017 2831 1056 2881 eie
1073 2831 1174 2894 sollten,

106 2902 191 2975 aper
203 2901 269 2956 odel.
283 2905 385 2955 πενίαν
392 2901 556 2970 μαχοῦνται,
566 2918 614 2950 να-
668 2901 699 2950 da
711 2915 739 2949 es
752 2915 802 2948 auu
815 2915 871 2948 zum
883 2895 990 2963 liample
1001 2898 1107 2958 lemme,
1124 2898 1173 2948 wie

103 2971 139 3024 τὰ
151 2970 238 3041 τάχος
250 2970 307 3040 πρὸ
319 2972 367 3034 τῆς
379 2971 480 3035 σκηνῆς
489 2969 614 3021 ἐκέλευσε
667 2969 706 3018 eie
717 2968 794 3027 echon
808 2964 846 3016 olt
862 2966 980 3030 gemell,
1001 2965 1047 3015 mit
1063 2966 1118 3015 dem
1136 2967 1174 3016 sie

105 3043 261 3111 προθεῖναι
276 3039 327 3090 τὸν
337 3039 487 3107 φοινικοῦν
494 3038 613 3105 χιτῶνα·
667 3035 722 3087 riola
733 3036 811 3085 echon
824 3031 861 3084 oit
873 3034 905 3083 im
917 3031 1005 3083 Geiete
1021 3032 1174 3097 betchiftigt

106 3111 189 3163 rodco
212 3104 269 3180 γὰρ
280 3103 372 3174 μάχης
385 3103 537 3173 Ῥωμαίοις
554 3104 614 3156 ἐστὶ
667 3106 762 3165 laiitten,
784 3119 834 3152 nun
848 3104 911 3152 auch
927 3100 1006 3151 durch
1021 3101 1061 3151 die
1078 3101 1175 3168 prakti·

105 3176 257 3246 σύμβολον.
279 3175 314 3227 Oi
329 3173 360 3226 dd
371 3173 540 3244 στρατιῶται
548 3177 614 3224 θεο-
668 3173 728 3223 eche
747 3169 911 3233 Aueliihruug
933 3170 1001 3219 ihree
1024 3167 1174 3221 Gedankens

106 3245 228 3314 eriperet
237 3239 308 3326 pet
320 3242 387 3308 peric
397 3243 444 3292 xci
457 3243 550 3310 χαρᾶς
565 3236 614 3297 τὰς
669 3243 743 3302 l‘cum
755 3247 857 3290 ventum
871 3239 954 3288 estad
971 3253 1033 3299 rem,
1050 3254 1105 3288 cum
1122 3253 1174 3288 me-

106 3311 211 3378 σκηνὰς
233 3312 350 3379 optorto
377 3308 513 3378 ἐφέροντο
543 3304 615 3378 πρὸς
668 3305 961 3367 nibueuteudum,laeto
974 3320 1036 3371 opue
1054 3305 1101 3356 eat'
1120 3305 1175 3354 ldo-

106 3380 139 3433 τὰ
153 3376 238 3431 ὅπλα.
668 3379 722 3438 rael
741 3378 787 3427 der
803 3376 959 3437 llrwurtuug
976 3375 1022 3424 dea·
1039 3373 1174 3436 Uebrigeu,

140 3440 196 3501 80·
213 3449 237 3500 3.
256 3446 380 3498 adludere
426 3445 531 3506 artelli.
546 3444 576 3495 G.
592 3445 614 3509 1,
668 3446 691 3495 d.
705 3445 722 3496 i.
735 3446 782 3494 der
793 3444 860 3493 beim
869 3441 1074 3508 liriegsratlress
1089 3443 1100 3492 1
1116 3457 1139 3490 u.
1151 3458 1174 3492 c.

106 3518 149 3584 26,
161 3516 200 3580 dl:
220 3515 266 3567 uui
283 3516 329 3566 der
348 3515 382 3564 dn
443 3514 488 3563 dae
506 3512 615 3563 Terrain
669 3513 746 3575 em)
758 3510 1174 3575 nichtgegeuw'airtigensoldateu

107 3587 177 3637 nicht
198 3583 337 3648 geueekten
360 3581 468 3643 munke,
496 3581 537 3631 die
559 3595 615 3630 aer-
669 3581 723 3642 (dee
745 3579 852 3643 iibrigcu
872 3579 978 3641 licerec)
1000 3579 1174 3643 entepreclrea.

106 3660 213 3721 aprengt
225 3653 275 3702 uad
286 3652 352 3701 dcun
370 3650 404 3699 im
422 3649 524 3700 lliicken
539 3662 615 3712 ange·
668 3649 716 3699 Die
736 3647 883 3711 llrklirung
901 3663 950 3697 von
965 3662 1014 3696 ocu
1031 3644 1175 3710 ‘lii-legeor-

106 3722 197 3787 griffen
209 3721 314 3770 werden
326 3719 411 3782 sollte,
427 3717 550 3767 wiihrend
567 3715 614 3766 (Ti-
669 3716 783 3779 falaruug'
796 3716 831 3765 ist
841 3715 898 3765 hier
910 3715 1061 3781 uupaaeend.

107 3789 269 3842 ear'ellnker
281 3787 371 3851 megel
384 3786 482 3837 eichen
496 3784 615 3835 deullni-
704 3773 758 3834 87.
789 3784 811 3834 1.
839 3782 898 3833 Lod.
922 3785 1031 3849 occepit:
1058 3779 1104 3831 aui
1131 3781 1175 3832 ihu

106 3873 607 3988 m(

108 3997 249 4046 damcnce
277 3993 308 4043 uir
324 3997 388 4043 matt
404 3990 476 4056 licit,
491 3956 616 4056 agzuoms
669 3988 786 4038 immrte
797 3988 861 4037 iiber
873 4012 915 4037 —.
