2572 4424
88 338 92 350 Ι
168 276 231 341 232
562 272 725 327 nnsnnno
739 270 837 327 crvrm

165 432 196 495 in
211 449 305 494 unum
319 431 416 493 locum
434 429 562 492 exercitu
574 429 743 492 contionem
759 429 836 508 apud
848 428 955 491 milites
967 428 1069 492 habuit
1079 429 1234 492 hortatus-

129 537 145 587 2
166 537 222 599 que
237 524 292 591 est,
308 535 346 578 ne
361 534 403 589 ea,
421 535 495 597 quae
510 515 693 588 accidissent,
712 515 838 597 graviter
851 515 970 589 ferrent,
992 534 1065 577 neve
1079 516 1127 578 his
1141 516 1233 579 rebus

163 610 345 666 terrerentur
357 602 517 682 multisque
526 601 663 663 secundis
674 601 792 682 proeliis
803 618 897 663 unum
909 602 1065 663 adversum
1081 609 1111 663 et
1124 601 1155 663 id
1167 621 1235 664 me·

128 705 143 755 3
165 689 264 751 dioore
284 694 474 768 opponerent.
516 687 688 749 Habendam
710 687 846 749 fortunae
866 686 1002 767 gratiam,
1024 687 1104 768 quod
1118 687 1234 750 ltaliam

163 774 226 835 sine
247 774 343 854 aliquo
363 773 482 835 vulnere
498 772 659 853 cepissent,
678 773 756 853 quod
779 772 851 834 duas
873 772 1026 853 Hispanias
1046 773 1233 835 bellicosissi÷

163 877 281 921 morum
296 859 452 920 hominum
467 858 654 938 peritissimis
671 864 759 938 atque
775 856 1021 919 exercitatissimis
1038 856 1164 920 ducibus
1178 878 1233 940 pa-

162 944 317 1016 carissent,
334 945 413 1023 quod
428 944 568 1005 finitimas
583 943 850 1024 frumentariasque
871 944 1037 1024 provincias
1052 943 1084 1004 in
1097 950 1232 1024 potesta-

161 1036 224 1091 tem
243 1029 438 1111 redegissent3
453 1030 578 1109 denique
605 1029 752 1101 recordari
774 1029 890 1101 debere,
913 1047 971 1109 qua
989 1028 1127 1090 felicitate
1154 1029 1231 1091 inter

163 1114 275 1177 medias
294 1116 424 1177 hostium
445 1116 552 1177 classes
572 1114 697 1194 oppletis
717 1131 777 1174 non
798 1116 895 1176 solum
915 1114 1051 1194 portibus
1070 1114 1229 1177 sedetiam

126 1200 299 1264 alitoribus
321 1219 425 1262 omnes
451 1201 613 1261 incolumes
634 1206 734 1261 essent
756 1200 954 1280 transportati.
995 1200 1026 1261 Si
1047 1216 1107 1259 non
1129 1200 1230 1262 omnia

164 1286 301 1348 caderent
321 1287 456 1359 secunda,
479 1287 630 1347 fortunam
645 1305 710 1347 esse
731 1285 873 1346 industria
894 1285 1114 1347 sublevandam.
1146 1284 1232 1359 Quod

164 1378 242 1433 esset
257 1379 410 1451 acceptum
422 1370 598 1443 detrimenti,
616 1370 745 1433 cuiusvis
756 1371 856 1450 potius
871 1390 961 1452 quam
977 1390 1046 1432 suae
1061 1371 1166 1451 culpae
1181 1371 1233 1433 de-

127 1472 143 1521 5
164 1457 233 1519 bere
245 1456 342 1518 tribui.
359 1458 471 1518 Locum
483 1477 515 1517 se
527 1475 655 1536 aequum
667 1457 703 1517 ad
716 1455 916 1517 dimicandum
928 1456 1053 1529 dedisse,
1065 1456 1196 1535 potitum
1202 1475 1234 1517 so

163 1561 228 1604 esse
239 1542 372 1603 hostium
384 1542 496 1614 eastris
514 1542 661 1622 expulisse
676 1559 710 1603 ac
724 1560 878 1621 superasse
892 1548 1066 1621 pugnantes.
1095 1541 1155 1602 Sed
1171 1541 1233 1603 sire

163 1627 298 1708 ipsomm
312 1627 495 1707 perturbatio
510 1628 570 1689 sive
587 1646 669 1688 error
684 1626 789 1707 aliquis
802 1627 862 1688 sive
879 1627 967 1689 etiam
982 1627 1102 1688 fortuna
1117 1634 1233 1707 partam

164 1712 222 1773 iam
236 1721 484 1793 praesentemque
507 1713 658 1775 victoriam
673 1712 925 1792 interpellavisset,
949 1712 1074 1775 dandam
1091 1711 1233 1774 omnibus

127 1806 144 1855 6
166 1817 302 1879 operam,
319 1804 353 1860 ut
373 1805 526 1879 acceptum
545 1798 770 1860 incommodum
791 1797 898 1858 virtute
920 1798 1093 1870 sarciretur3
1113 1796 1235 1878 quodsi

165 1890 244 1943 esset
256 1883 377 1955 lactum,
394 1883 607 1944 detrimentum
622 1883 654 1944 in
669 1884 781 1944 benum
797 1890 933 1954 verteret,
952 1884 995 1943 uti
1010 1884 1045 1943 ad
1057 1883 1235 1962 Gergoviam

169 1967 329 2040 accidisset,
346 1976 434 2048 atque
450 1968 486 2043 ei,
504 1969 553 2047 qui
570 1975 638 2031 ante
654 1967 795 2030 dimicare
806 1968 988 2042 timuissent,
1004 1968 1081 2029 ultro
1097 1987 1130 2030 se
1145 1986 1238 2048 proe-

165 2052 204 2112 lio
220 2052 371 2114 offerrent.

166 2240 258 2304 Sehlag
280 2240 440 2306 cingobiisstr
465 2256 494 2291 er
515 2254 570 2290 war
592 2241 672 2291 durch
724 2239 834 2291 vulnere.
844 2238 936 2306 dmum
945 2240 1013 2291 steht
1023 2238 1152 2290 naolrsina
1165 2245 1238 2291 sonat

167 2308 237 2359 scine
255 2308 351 2359 lstzten
370 2305 490 2359 Gelechte
512 2307 608 2358 wieder
630 2322 674 2372 go·
727 2307 888 2371 gewiihnliolr
905 2323 953 2358 nur
964 2308 1028 2359 nach
1040 2306 1113 2358 einer
1128 2322 1239 2360 vorans-

166 2390 215 2425 nau
228 2374 273 2426 aul
283 2376 330 2425 don
343 2375 426 2426 Punkt
438 2374 674 2440 zuriiclrgoworfon‚
727 2375 854 2438 gehennon
871 2375 1008 2440 Negation,
1029 2390 1069 2424 wo
1087 2376 1145 2426 also
1164 2376 1239 2427 balde

166 2459 217 2493 von
233 2443 354 2493 walchem
371 2458 400 2493 er
417 2457 593 2507 nusgegangen
609 2459 673 2494 war.
727 2442 887 2508 Negationem
899 2443 1019 2494 einander
1030 2440 1164 2495 sumebas.
1185 2443 1239 2495 Cic.

167 2538 200 2547 -
211 2509 673 2592 Cisar'sverwegenesllnternohmen
727 2512 803 2563 Verr.
821 2514 844 2576 5,
862 2512 886 2574 5,
906 2511 949 2560 ll:
965 2511 1030 2561 natal
1044 2527 1159 2577 conquam
1173 2512 1240 2593 secat

166 2578 674 2711 tttt{lt-ttlttttttttttlt
727 2579 1240 2711 :tttttttt‘ttttlttt'tts

167 2715 276 2765 odensiv
285 2732 317 2765 zu
327 2716 445 2781 operircn
455 2714 675 2780 warvollstiindig
727 2718 816 2766 immer
827 2714 982 2778 wenigstens
1000 2715 1099 2779 einigen
1112 2713 1238 2779 (lewinn3

167 2783 328 2848 gescheitert.
376 2783 430 2833 Aul
451 2785 506 2834 dem
530 2784 674 2848 bisherigen
726 2783 783 2833 hier
818 2785 881 2833 ohne
916 2786 1033 2847 vorhcrg.
1063 2781 1192 2849 Negation
1221 2806 1239 2827 =

169 2850 408 2918 liriegsschauplatz
424 2852 481 2902 laud
496 2868 524 2902 er
537 2854 592 2903 sich
604 2852 674 2901 einer
728 2850 1240 2915 ohneerheblichenVerlust(niclrt‘Vor-

166 2920 400 2984 unbezwinglichen
448 2919 676 2985 Vertheidigungs·
728 2919 877 2983 wundung',
900 2935 921 2969 s.
939 2919 961 2985 1,
978 2920 1018 2983 72,
1033 2920 1071 2984 1),
1095 2923 1152 2971 eine
1173 2920 1239 2973 ullo

167 2988 280 3050 stellung
291 2989 435 3051 gegeniiber
446 2989 497 3038 und
507 2987 611 3052 unlilhig
622 3003 675 3038 we·
728 2987 795 3038 eale.
809 2987 1013 3038 ausschliessend
1025 3010 1043 3029 =
1054 2988 1120 3039 ohne
1132 2988 1165 3039 al
1173 2988 1238 3053 len,

167 3056 213 3104 dor
225 3070 303 3118 gegen
321 3055 498 3123 Dyrrhachion
515 3057 579 3105 noch
595 3070 674 3120 gagen
729 3057 793 3106 ohne
803 3056 850 3107 den
860 3056 1128 3120 geringstenVerlust.
1148 3056 1238 3121 Versl.

167 3120 676 3173 daaleindliclreHoereincnernstlichen
730 3124 782 3174 Cic.
800 3124 830 3172 do
846 3122 903 3172 Fin.
917 3124 942 3189 3,
959 3122 984 3188 9,
999 3123 1043 3174 30:
1093 3127 1240 3176 imaum

168 3189 261 3252 Schlug
277 3187 455 3240 auszuliihren.
474 3217 508 3227 -
526 3190 605 3240 Ciisur
621 3206 676 3240 war
728 3192 789 3257 fore
800 3195 954 3258 putauerunt
975 3194 1030 3241 aiae
1046 3140 1132 3258 aanor
1153 3208 1240 3243 acees-

168 3257 237 3307 nicltt
261 3256 315 3305 blos
339 3257 459 3320 eleison,
482 3258 591 3307 sondern
612 3260 677 3308 auch
728 3260 798 3309 aiom
810 3261 940 3309 virmtmn:
954 3262 1017 3310 ohne
1030 3260 1239 3325 einigenZusntz

169 3323 482 3389 strategiscltgeschlagen
491 3326 542 3375 und
552 3325 676 3376 erachien
729 3349 746 3368 =
758 3329 811 3377 atei
823 3327 869 3377 ali
874 3330 926 3393 qui
930 3326 949 3377 d
954 3330 1111 3380 accessisset.
1127 3356 1162 3366 —
1177 3330 1240 3397 [ru-

168 3391 677 3457 wederinseincrgegeuwiirtigenstel·
728 3398 916 3460 montanasque
946 3399 1101 3463 promamus,
1130 3398 1239 3449 niimlicli

168 3461 231 3523 lung
243 3459 299 3509 sich
315 3461 464 3528 behaupton,
484 3462 547 3512 noeh
566 3462 676 3513 dieselbo
730 3463 834 3513 Sicilien
846 3464 924 3514 durch
937 3466 1023 3527 Curio,
1038 3467 1089 3515 und
1102 3466 1237 3517 Sardinien

169 3528 353 3593 zweokmiissig
373 3532 500 3581 wechseln
519 3547 550 3580 zu
571 3532 675 3581 lriinnen.
730 3533 809 3581 durch
822 3532 939 3584 Valerius
954 3534 977 3598 1,
990 3534 1023 3583 30
1034 3549 1059 3583 ιι.
1073 3534 1115 3584 31.

169 3594 301 3660 Pompeius
310 3597 380 3647 hatte
391 3600 502 3663 gesiegt3
516 3615 547 3649 an
559 3600 610 3650 ihm
621 3615 677 3648 war
763 3601 787 3650 6.
807 3603 873 3666 quod
892 3606 917 3653 si
934 3606 1001 3652 osset
1017 3604 1120 3669 fuctum
1138 3608 1163 3658 d.
1181 3610 1200 3661 i.
1215 3609 1240 3657 ei

169 3679 196 3713 es
213 3662 254 3713 die
271 3664 397 3717 (lffeusive
416 3684 447 3716 zu
469 3667 608 3732 crgreifen‚
626 3670 675 3718 und
729 3684 832 3737 operam
856 3672 993 3738 dedissent,
1017 3702 1052 3711 —
1077 3680 1184 3727 maroa
1207 3706 1236 3717 -

169 3746 198 3781 er
210 3748 265 3782 war
280 3735 344 3784 dnzu
361 3737 550 3787 entsolalossen’.
573 3737 676 3788 Momm·
729 3741 858 3806 offerrent.
877 3743 912 3792 lls
924 3745 1020 3797 miisste
1032 3745 1174 3809 cigentliclr
1186 3757 1236 3801 ste·

169 3814 213 3849 sen
227 3801 296 3852 lliim.
310 3800 401 3853 Gcsclr.
415 3808 438 3854 3.
452 3821 475 3871 p.
489 3806 548 3855 406.
730 3810 776 3859 lien
788 3811 854 3877 sore
866 3815 1019 3877 attereret,
1034 3814 1085 3865 wie
1097 3818 1162 3867 auch
1174 3818 1237 3869 eini-

204 3869 227 3917 3.
250 3871 305 3919 saite
325 3871 409 3936 aliquo
433 3872 540 3923 erclearo.
581 3877 605 3925 S.
630 3877 675 3927 da·
728 3892 760 3941 ge
779 3878 922 3944 salselles,
940 3881 1072 3932 vielleicht
1086 3884 1134 3935 mit
1150 3884 1235 3949 llecdt,

169 3952 248 4000 gegen
273 3954 294 3988 c.
313 3940 352 4001 71,
372 3941 400 4002 23
421 3942 444 4003 ’2,
461 3941 484 4007 9,
502 3942 529 3991 8:
552 3945 607 3993 eine
627 3944 676 3995 idle
729 3946 788 3997 weil
802 3947 828 3996 in
840 3948 887 3997 den
899 3949 1235 4005 bestenllandachriltend
