<?xml version="1.0" encoding="UTF-8"?>
<!DOCTYPE html PUBLIC "-//W3C//DTD XHTML 1.0 Transitional//EN"
    "http://www.w3.org/TR/xhtml1/DTD/xhtml1-transitional.dtd">
<html xmlns="http://www.w3.org/1999/xhtml" xml:lang="en" lang="en">
 <head>
  <title>
</title>
<meta http-equiv="Content-Type" content="text/html;charset=utf-8" />
  <meta name='ocr-system' content='tesseract 3.04.00' />
  <meta name='ocr-capabilities' content='ocr_page ocr_carea ocr_par ocr_line ocrx_word'/>
</head>
<body>
  <div class='ocr_page' id='page_1' title='image "./ciuliicaesarisc00krangoog/ciuliicaesarisc00krangoog_0072.png"; bbox 0 0 2572 4424; ppageno 0'>
   <div class='ocr_carea' id='block_1_1' title="bbox 574 226 1178 296">
    <p class='ocr_par' dir='ltr' id='par_1_1' title="bbox 574 226 1178 296">
     <span class='ocr_line' id='line_1_1' title="bbox 574 226 1178 296; baseline -0.003 -16"><span class='ocrx_word' id='word_1_1' title='bbox 574 226 592 280; x_wconf 91' lang='lat' dir='ltr'>l.</span> <span class='ocrx_word' id='word_1_2' title='bbox 605 227 714 281; x_wconf 76' lang='lat'><strong>20-22.</strong></span> <span class='ocrx_word' id='word_1_3' title='bbox 828 282 833 291; x_wconf 57' lang='lat'>‚</span> <span class='ocrx_word' id='word_1_4' title='bbox 1138 235 1178 296; x_wconf 86' lang='lat'>55</span> 
     </span>
    </p>
   </div>
   <div class='ocr_carea' id='block_1_2' title="bbox 107 381 1176 464">
    <p class='ocr_par' dir='ltr' id='par_1_2' title="bbox 107 381 1176 464">
     <span class='ocr_line' id='line_1_2' title="bbox 107 381 1176 464; baseline 0.001 -17"><span class='ocrx_word' id='word_1_5' title='bbox 107 391 172 447; x_wconf 87' lang='lat' dir='ltr'>erat</span> <span class='ocrx_word' id='word_1_6' title='bbox 187 381 376 463; x_wconf 80' lang='lat' dir='ltr'><strong>superiorum</strong></span> <span class='ocrx_word' id='word_1_7' title='bbox 387 383 504 445; x_wconf 90' lang='lat' dir='ltr'>dierum</span> <span class='ocrx_word' id='word_1_8' title='bbox 516 384 707 456; x_wconf 79' lang='lat' dir='ltr'>consuetudo,</span> <span class='ocrx_word' id='word_1_9' title='bbox 723 384 775 445; x_wconf 92' lang='lat' dir='ltr'>sed</span> <span class='ocrx_word' id='word_1_10' title='bbox 790 383 940 463; x_wconf 90' lang='lat' dir='ltr'>perpetuis</span> <span class='ocrx_word' id='word_1_11' title='bbox 951 383 1059 464; x_wconf 81' lang='lat' dir='ltr'>vigiliis</span> <span class='ocrx_word' id='word_1_12' title='bbox 1071 386 1176 449; x_wconf 86' lang='lat' dir='ltr'>statio-</span> 
     </span>
    </p>
   </div>
   <div class='ocr_carea' id='block_1_3' title="bbox 60 468 1211 1745">
    <p class='ocr_par' dir='ltr' id='par_1_3' title="bbox 108 468 1173 550">
     <span class='ocr_line' id='line_1_3' title="bbox 108 468 1173 550; baseline 0.003 -19"><span class='ocrx_word' id='word_1_13' title='bbox 108 469 273 550; x_wconf 90' lang='lat' dir='ltr'>nibusque,</span> <span class='ocrx_word' id='word_1_14' title='bbox 294 475 328 531; x_wconf 93' lang='lat' dir='ltr'>ut</span> <span class='ocrx_word' id='word_1_15' title='bbox 342 469 515 547; x_wconf 84' lang='lat' dir='ltr'>contingant</span> <span class='ocrx_word' id='word_1_16' title='bbox 536 468 614 530; x_wconf 90' lang='lat' dir='ltr'>inter</span> <span class='ocrx_word' id='word_1_17' title='bbox 628 487 660 530; x_wconf 91' lang='lat' dir='ltr'>se</span> <span class='ocrx_word' id='word_1_18' title='bbox 672 475 759 548; x_wconf 90' lang='lat' dir='ltr'>atque</span> <span class='ocrx_word' id='word_1_19' title='bbox 775 487 895 530; x_wconf 90' lang='lat' dir='ltr'>omnem</span> <span class='ocrx_word' id='word_1_20' title='bbox 910 469 1110 532; x_wconf 87' lang='lat' dir='ltr'>munitionem</span> <span class='ocrx_word' id='word_1_21' title='bbox 1122 493 1173 534; x_wconf 86' lang='lat' dir='ltr'>ex-</span> 
     </span>
    </p>

    <p class='ocr_par' dir='ltr' id='par_1_4' title="bbox 60 553 1211 1232">
     <span class='ocr_line' id='line_1_4' title="bbox 60 553 1209 636; baseline 0.006 -20"><span class='ocrx_word' id='word_1_22' title='bbox 60 596 62 601; x_wconf 89' lang='lat'>·</span> <span class='ocrx_word' id='word_1_23' title='bbox 107 557 224 636; x_wconf 81' lang='lat' dir='ltr'>pleant3</span> <span class='ocrx_word' id='word_1_24' title='bbox 238 553 375 616; x_wconf 89' lang='lat' dir='ltr'>tribunos</span> <span class='ocrx_word' id='word_1_25' title='bbox 391 554 521 625; x_wconf 89' lang='lat' dir='ltr'>militum</span> <span class='ocrx_word' id='word_1_26' title='bbox 536 561 565 615; x_wconf 89' lang='lat' dir='ltr'>et</span> <span class='ocrx_word' id='word_1_27' title='bbox 580 554 741 634; x_wconf 82' lang='lat' dir='ltr'>praefectos</span> <span class='ocrx_word' id='word_1_28' title='bbox 754 554 959 616; x_wconf 82' lang='lat' dir='ltr'>circummittit</span> <span class='ocrx_word' id='word_1_29' title='bbox 971 562 1058 635; x_wconf 88' lang='lat' dir='ltr'>atque</span> <span class='ocrx_word' id='word_1_30' title='bbox 1070 558 1171 620; x_wconf 88' lang='lat' dir='ltr'>horta·</span> <span class='ocrx_word' id='word_1_31' title='bbox 1192 574 1209 623; x_wconf 89' lang='grc'>4</span> 
     </span>
     <span class='ocr_line' id='line_1_5' title="bbox 106 639 1177 721; baseline 0.003 -19"><span class='ocrx_word' id='word_1_32' title='bbox 106 651 171 715; x_wconf 89' lang='lat' dir='ltr'>tur,</span> <span class='ocrx_word' id='word_1_33' title='bbox 188 659 251 703; x_wconf 91' lang='lat' dir='ltr'>non</span> <span class='ocrx_word' id='word_1_34' title='bbox 271 641 368 703; x_wconf 90' lang='lat' dir='ltr'>solum</span> <span class='ocrx_word' id='word_1_35' title='bbox 388 639 423 701; x_wconf 89' lang='lat' dir='ltr'>ab</span> <span class='ocrx_word' id='word_1_36' title='bbox 445 639 652 720; x_wconf 82' lang='lat' dir='ltr'>eruptionibus</span> <span class='ocrx_word' id='word_1_37' title='bbox 674 646 809 712; x_wconf 88' lang='lat' dir='ltr'>caveant,</span> <span class='ocrx_word' id='word_1_38' title='bbox 822 640 873 700; x_wconf 90' lang='lat' dir='ltr'>sed</span> <span class='ocrx_word' id='word_1_39' title='bbox 889 640 978 702; x_wconf 90' lang='lat' dir='ltr'>etiam</span> <span class='ocrx_word' id='word_1_40' title='bbox 991 640 1177 721; x_wconf 85' lang='lat' dir='ltr'>singulorum</span> 
     </span>
     <span class='ocr_line' id='line_1_6' title="bbox 106 725 1211 804; baseline 0.004 -16"><span class='ocrx_word' id='word_1_41' title='bbox 106 726 266 788; x_wconf 92' lang='lat' dir='ltr'>hominum</span> <span class='ocrx_word' id='word_1_42' title='bbox 282 726 411 788; x_wconf 85' lang='lat' dir='ltr'>occultos</span> <span class='ocrx_word' id='word_1_43' title='bbox 429 725 524 787; x_wconf 87' lang='lat' dir='ltr'>exitus</span> <span class='ocrx_word' id='word_1_44' title='bbox 537 733 695 787; x_wconf 90' lang='lat' dir='ltr'>asservent.</span> <span class='ocrx_word' id='word_1_45' title='bbox 726 725 828 804; x_wconf 87' lang='lat' dir='ltr'>Neque</span> <span class='ocrx_word' id='word_1_46' title='bbox 841 744 909 785; x_wconf 87' lang='lat' dir='ltr'>vero</span> <span class='ocrx_word' id='word_1_47' title='bbox 924 733 986 787; x_wconf 89' lang='lat' dir='ltr'>tam</span> <span class='ocrx_word' id='word_1_48' title='bbox 1002 727 1125 788; x_wconf 91' lang='lat' dir='ltr'>remisso</span> <span class='ocrx_word' id='word_1_49' title='bbox 1141 749 1175 791; x_wconf 93' lang='lat' dir='ltr'>ac</span> <span class='ocrx_word' id='word_1_50' title='bbox 1197 744 1211 792; x_wconf 87' lang='lat'>5</span> 
     </span>
     <span class='ocr_line' id='line_1_7' title="bbox 107 810 1175 893; baseline 0 -19"><span class='ocrx_word' id='word_1_51' title='bbox 107 811 245 891; x_wconf 87' lang='lat' dir='ltr'>languido</span> <span class='ocrx_word' id='word_1_52' title='bbox 261 811 360 873; x_wconf 92' lang='lat' dir='ltr'>animo</span> <span class='ocrx_word' id='word_1_53' title='bbox 375 810 533 890; x_wconf 89' lang='lat' dir='ltr'>quisquam</span> <span class='ocrx_word' id='word_1_54' title='bbox 548 810 684 872; x_wconf 91' lang='lat' dir='ltr'>omnium</span> <span class='ocrx_word' id='word_1_55' title='bbox 695 810 761 884; x_wconf 83' lang='lat' dir='ltr'>luit,</span> <span class='ocrx_word' id='word_1_56' title='bbox 778 811 830 889; x_wconf 93' lang='lat' dir='ltr'>qui</span> <span class='ocrx_word' id='word_1_57' title='bbox 846 830 879 872; x_wconf 91' lang='lat' dir='ltr'>ea</span> <span class='ocrx_word' id='word_1_58' title='bbox 894 817 981 872; x_wconf 86' lang='lat' dir='ltr'>nocte</span> <span class='ocrx_word' id='word_1_59' title='bbox 997 813 1175 893; x_wconf 84' lang='lat' dir='ltr'>conquieve-</span> 
     </span>
     <span class='ocr_line' id='line_1_8' title="bbox 107 895 1209 975; baseline 0.002 -17"><span class='ocrx_word' id='word_1_60' title='bbox 107 898 154 959; x_wconf 91' lang='lat' dir='ltr'>rit.</span> <span class='ocrx_word' id='word_1_61' title='bbox 192 897 286 959; x_wconf 86' lang='lat' dir='ltr'>Tanta</span> <span class='ocrx_word' id='word_1_62' title='bbox 310 903 372 959; x_wconf 89' lang='lat' dir='ltr'>erat</span> <span class='ocrx_word' id='word_1_63' title='bbox 397 914 529 959; x_wconf 91' lang='lat' dir='ltr'>summae</span> <span class='ocrx_word' id='word_1_64' title='bbox 552 914 653 957; x_wconf 92' lang='lat' dir='ltr'>rerum</span> <span class='ocrx_word' id='word_1_65' title='bbox 673 895 863 975; x_wconf 83' lang='lat' dir='ltr'>exspectatio,</span> <span class='ocrx_word' id='word_1_66' title='bbox 886 903 919 957; x_wconf 92' lang='lat' dir='ltr'>ut</span> <span class='ocrx_word' id='word_1_67' title='bbox 941 896 1014 958; x_wconf 92' lang='lat' dir='ltr'>alius</span> <span class='ocrx_word' id='word_1_68' title='bbox 1032 896 1064 958; x_wconf 89' lang='lat' dir='ltr'>in</span> <span class='ocrx_word' id='word_1_69' title='bbox 1085 899 1171 960; x_wconf 88' lang='lat' dir='ltr'>alium</span> <span class='ocrx_word' id='word_1_70' title='bbox 1194 911 1209 960; x_wconf 83' lang='lat'><strong>6</strong></span> 
     </span>
     <span class='ocr_line' id='line_1_9' title="bbox 107 981 1192 1063; baseline -0.001 -17"><span class='ocrx_word' id='word_1_71' title='bbox 107 989 221 1063; x_wconf 84' lang='lat' dir='ltr'>partem</span> <span class='ocrx_word' id='word_1_72' title='bbox 237 990 336 1043; x_wconf 91' lang='lat' dir='ltr'>mente</span> <span class='ocrx_word' id='word_1_73' title='bbox 351 989 438 1062; x_wconf 89' lang='lat' dir='ltr'>atque</span> <span class='ocrx_word' id='word_1_74' title='bbox 453 981 552 1042; x_wconf 90' lang='lat' dir='ltr'>animo</span> <span class='ocrx_word' id='word_1_75' title='bbox 568 983 742 1054; x_wconf 80' lang='lat' dir='ltr'>traheretur,</span> <span class='ocrx_word' id='word_1_76' title='bbox 759 981 914 1061; x_wconf 83' lang='lat' dir='ltr'>quidjpsis</span> <span class='ocrx_word' id='word_1_77' title='bbox 927 981 1171 1057; x_wconf 84' lang='lat' dir='ltr'>Corfiniensibus,</span> <span class='ocrx_word' id='word_1_78' title='bbox 1190 1044 1192 1051; x_wconf 85' lang='grc'><strong>,</strong></span> 
     </span>
     <span class='ocr_line' id='line_1_10' title="bbox 107 1066 1176 1148; baseline 0.001 -18"><span class='ocrx_word' id='word_1_79' title='bbox 107 1068 179 1147; x_wconf 92' lang='lat' dir='ltr'>quid</span> <span class='ocrx_word' id='word_1_80' title='bbox 191 1066 329 1141; x_wconf 85' lang='lat' dir='ltr'>Domitio,</span> <span class='ocrx_word' id='word_1_81' title='bbox 345 1067 417 1147; x_wconf 93' lang='lat' dir='ltr'>quid</span> <span class='ocrx_word' id='word_1_82' title='bbox 428 1068 563 1141; x_wconf 88' lang='lat' dir='ltr'>Lentulo,</span> <span class='ocrx_word' id='word_1_83' title='bbox 580 1067 651 1147; x_wconf 92' lang='lat' dir='ltr'>quid</span> <span class='ocrx_word' id='word_1_84' title='bbox 667 1066 788 1147; x_wconf 91' lang='lat' dir='ltr'>reliquis</span> <span class='ocrx_word' id='word_1_85' title='bbox 803 1066 955 1141; x_wconf 84' lang='lat' dir='ltr'>accideret,</span> <span class='ocrx_word' id='word_1_86' title='bbox 973 1067 1023 1147; x_wconf 92' lang='lat' dir='ltr'>qui</span> <span class='ocrx_word' id='word_1_87' title='bbox 1039 1088 1176 1148; x_wconf 89' lang='lat' dir='ltr'>quosque</span> 
     </span>
     <span class='ocr_line' id='line_1_11' title="bbox 107 1152 420 1232; baseline -0.01 -17"><span class='ocrx_word' id='word_1_88' title='bbox 107 1160 229 1215; x_wconf 89' lang='lat' dir='ltr'>eventus</span> <span class='ocrx_word' id='word_1_89' title='bbox 244 1152 420 1232; x_wconf 83' lang='lat' dir='ltr'>exciperent.</span> 
     </span>
    </p>

    <p class='ocr_par' dir='ltr' id='par_1_5' title="bbox 103 1237 1210 1745">
     <span class='ocr_line' id='line_1_12' title="bbox 193 1237 1173 1318; baseline 0.004 -22"><span class='ocrx_word' id='word_1_90' title='bbox 193 1237 243 1297; x_wconf 83' lang='lat'>22.</span> <span class='ocrx_word' id='word_1_91' title='bbox 274 1238 382 1311; x_wconf 83' lang='lat' dir='ltr'>Quarta</span> <span class='ocrx_word' id='word_1_92' title='bbox 398 1237 493 1318; x_wconf 82' lang='lat' dir='ltr'>vigida</span> <span class='ocrx_word' id='word_1_93' title='bbox 509 1237 624 1299; x_wconf 88' lang='lat' dir='ltr'>circiter</span> <span class='ocrx_word' id='word_1_94' title='bbox 638 1237 781 1299; x_wconf 88' lang='lat' dir='ltr'>Lentulus</span> <span class='ocrx_word' id='word_1_95' title='bbox 795 1237 936 1317; x_wconf 87' lang='lat' dir='ltr'>Spinther</span> <span class='ocrx_word' id='word_1_96' title='bbox 951 1238 988 1299; x_wconf 96' lang='lat' dir='ltr'>de</span> <span class='ocrx_word' id='word_1_97' title='bbox 1004 1257 1089 1302; x_wconf 93' lang='lat' dir='ltr'>muro</span> <span class='ocrx_word' id='word_1_98' title='bbox 1105 1258 1173 1301; x_wconf 90' lang='lat' dir='ltr'>cum</span> 
     </span>
     <span class='ocr_line' id='line_1_13' title="bbox 104 1322 1173 1404; baseline 0.001 -21"><span class='ocrx_word' id='word_1_99' title='bbox 104 1322 207 1404; x_wconf 85' lang='lat' dir='ltr'>vigiliis</span> <span class='ocrx_word' id='word_1_100' title='bbox 228 1323 457 1403; x_wconf 87' lang='lat' dir='ltr'>custodibusque</span> <span class='ocrx_word' id='word_1_101' title='bbox 478 1323 587 1385; x_wconf 89' lang='lat' dir='ltr'>nostris</span> <span class='ocrx_word' id='word_1_102' title='bbox 603 1322 791 1403; x_wconf 87' lang='lat' dir='ltr'>colloquitur:</span> <span class='ocrx_word' id='word_1_103' title='bbox 813 1325 894 1396; x_wconf 89' lang='lat' dir='ltr'>velle,</span> <span class='ocrx_word' id='word_1_104' title='bbox 911 1323 935 1384; x_wconf 92' lang='lat' dir='ltr'>si</span> <span class='ocrx_word' id='word_1_105' title='bbox 951 1324 1006 1385; x_wconf 91' lang='lat' dir='ltr'>sibi</span> <span class='ocrx_word' id='word_1_106' title='bbox 1021 1325 1072 1386; x_wconf 90' lang='lat' dir='ltr'>liat</span> <span class='ocrx_word' id='word_1_107' title='bbox 1086 1332 1173 1404; x_wconf 88' lang='lat' dir='ltr'>pote-</span> 
     </span>
     <span class='ocr_line' id='line_1_14' title="bbox 103 1408 1210 1488; baseline 0.005 -18"><span class='ocrx_word' id='word_1_108' title='bbox 103 1417 180 1481; x_wconf 88' lang='lat' dir='ltr'>stas,</span> <span class='ocrx_word' id='word_1_109' title='bbox 205 1408 358 1471; x_wconf 85' lang='lat' dir='ltr'>Caesarem</span> <span class='ocrx_word' id='word_1_110' title='bbox 379 1408 544 1470; x_wconf 90' lang='lat' dir='ltr'>convenire.</span> <span class='ocrx_word' id='word_1_111' title='bbox 580 1409 668 1470; x_wconf 88' lang='lat' dir='ltr'>Facta</span> <span class='ocrx_word' id='word_1_112' title='bbox 685 1416 830 1488; x_wconf 83' lang='lat' dir='ltr'>potestate</span> <span class='ocrx_word' id='word_1_113' title='bbox 851 1428 887 1469; x_wconf 87' lang='lat' dir='ltr'>ex</span> <span class='ocrx_word' id='word_1_114' title='bbox 907 1410 1014 1488; x_wconf 93' lang='lat' dir='ltr'>oppido</span> <span class='ocrx_word' id='word_1_115' title='bbox 1037 1409 1171 1484; x_wconf 83' lang='lat' dir='ltr'>mittitur,</span> <span class='ocrx_word' id='word_1_116' title='bbox 1195 1427 1210 1476; x_wconf 85' lang='lat'><strong>2</strong></span> 
     </span>
     <span class='ocr_line' id='line_1_15' title="bbox 104 1492 1174 1577; baseline 0.001 -22"><span class='ocrx_word' id='word_1_117' title='bbox 104 1513 204 1574; x_wconf 90' lang='lat' dir='ltr'>neque</span> <span class='ocrx_word' id='word_1_118' title='bbox 219 1493 255 1555; x_wconf 91' lang='lat' dir='ltr'>ab</span> <span class='ocrx_word' id='word_1_119' title='bbox 271 1513 305 1555; x_wconf 94' lang='lat' dir='ltr'>eo</span> <span class='ocrx_word' id='word_1_120' title='bbox 321 1493 402 1573; x_wconf 92' lang='lat' dir='ltr'>prius</span> <span class='ocrx_word' id='word_1_121' title='bbox 417 1493 574 1556; x_wconf 86' lang='lat' dir='ltr'>Domitiani</span> <span class='ocrx_word' id='word_1_122' title='bbox 590 1492 694 1554; x_wconf 86' lang='lat' dir='ltr'>milites</span> <span class='ocrx_word' id='word_1_123' title='bbox 711 1493 877 1568; x_wconf 88' lang='lat' dir='ltr'>discedunt,</span> <span class='ocrx_word' id='word_1_124' title='bbox 894 1493 1029 1577; x_wconf 53' lang='lat' dir='ltr'>quamfflin</span> <span class='ocrx_word' id='word_1_125' title='bbox 1048 1515 1174 1575; x_wconf 90' lang='lat' dir='ltr'>conspe-</span> 
     </span>
     <span class='ocr_line' id='line_1_16' title="bbox 105 1577 1209 1661; baseline 0.005 -21"><span class='ocrx_word' id='word_1_126' title='bbox 105 1586 189 1640; x_wconf 91' lang='lat' dir='ltr'>ctum</span> <span class='ocrx_word' id='word_1_127' title='bbox 204 1577 333 1641; x_wconf 83' lang='lat' dir='ltr'>Caesaris</span> <span class='ocrx_word' id='word_1_128' title='bbox 349 1578 517 1641; x_wconf 86' lang='lat' dir='ltr'>deducatur.</span> <span class='ocrx_word' id='word_1_129' title='bbox 552 1578 626 1641; x_wconf 83' lang='lat' dir='ltr'>Cum</span> <span class='ocrx_word' id='word_1_130' title='bbox 642 1598 677 1639; x_wconf 94' lang='lat' dir='ltr'>eo</span> <span class='ocrx_word' id='word_1_131' title='bbox 694 1580 729 1640; x_wconf 86' lang='lat' dir='ltr'>de</span> <span class='ocrx_word' id='word_1_132' title='bbox 744 1580 838 1656; x_wconf 85' lang='lat' dir='ltr'>salute</span> <span class='ocrx_word' id='word_1_133' title='bbox 853 1597 906 1641; x_wconf 90' lang='lat' dir='ltr'>sua</span> <span class='ocrx_word' id='word_1_134' title='bbox 921 1579 988 1658; x_wconf 84' lang='lat' dir='ltr'>agit,</span> <span class='ocrx_word' id='word_1_135' title='bbox 1005 1589 1069 1642; x_wconf 92' lang='lat' dir='ltr'>orat</span> <span class='ocrx_word' id='word_1_136' title='bbox 1083 1588 1171 1661; x_wconf 88' lang='lat' dir='ltr'>atque</span> <span class='ocrx_word' id='word_1_137' title='bbox 1194 1596 1209 1646; x_wconf 83' lang='lat'><strong>3</strong></span> 
     </span>
     <span class='ocr_line' id='line_1_17' title="bbox 106 1662 1176 1745; baseline 0.003 -20"><span class='ocrx_word' id='word_1_138' title='bbox 106 1665 249 1737; x_wconf 88' lang='lat' dir='ltr'>obsecrat,</span> <span class='ocrx_word' id='word_1_139' title='bbox 267 1669 301 1726; x_wconf 89' lang='lat' dir='ltr'>nt</span> <span class='ocrx_word' id='word_1_140' title='bbox 315 1662 371 1724; x_wconf 92' lang='lat' dir='ltr'>sibi</span> <span class='ocrx_word' id='word_1_141' title='bbox 385 1671 493 1745; x_wconf 88' lang='lat' dir='ltr'>parcat,</span> <span class='ocrx_word' id='word_1_142' title='bbox 505 1671 691 1745; x_wconf 86' lang='lat' dir='ltr'>veteremque</span> <span class='ocrx_word' id='word_1_143' title='bbox 707 1663 863 1727; x_wconf 89' lang='lat' dir='ltr'>amicitiam</span> <span class='ocrx_word' id='word_1_144' title='bbox 879 1673 1091 1727; x_wconf 87' lang='lat' dir='ltr'>commemorat</span> <span class='ocrx_word' id='word_1_145' title='bbox 1103 1665 1176 1729; x_wconf 83' lang='lat' dir='ltr'>Cae-</span> 
     </span>
    </p>
   </div>
   <div class='ocr_carea' id='block_1_4' title="bbox 104 1783 1178 2781">
    <p class='ocr_par' dir='ltr' id='par_1_6' title="bbox 104 1783 1178 2684">
     <span class='ocr_line' id='line_1_18' title="bbox 129 1783 1178 1920; baseline 0.002 -68"><span class='ocrx_word' id='word_1_146' title='bbox 129 1789 167 1852; x_wconf 79' lang='lat' dir='ltr'>s.</span> <span class='ocrx_word' id='word_1_147' title='bbox 182 1803 313 1920; x_wconf 47' lang='lat' dir='ltr'>popano</span> <span class='ocrx_word' id='word_1_148' title='bbox 334 1801 431 1867; x_wconf 64' lang='lat' dir='ltr'>ouum</span> <span class='ocrx_word' id='word_1_149' title='bbox 454 1801 614 1852; x_wconf 65' lang='lat' dir='ltr'>mouum-</span> <span class='ocrx_word' id='word_1_150' title='bbox 649 1783 653 1792; x_wconf 85' lang='lat'>&#39;</span> <span class='ocrx_word' id='word_1_151' title='bbox 671 1800 809 1852; x_wconf 68' lang='lat' dir='ltr'>annoto.</span> <span class='ocrx_word' id='word_1_152' title='bbox 834 1800 860 1851; x_wconf 78' lang='lat' dir='ltr'>s,</span> <span class='ocrx_word' id='word_1_153' title='bbox 874 1801 899 1851; x_wconf 90' lang='lat' dir='ltr'>o.</span> <span class='ocrx_word' id='word_1_154' title='bbox 915 1798 944 1851; x_wconf 82' lang='lat' dir='ltr'>s.</span> <span class='ocrx_word' id='word_1_155' title='bbox 958 1802 1037 1866; x_wconf 72' lang='lat' dir='ltr'>arc,</span> <span class='ocrx_word' id='word_1_156' title='bbox 1052 1803 1073 1853; x_wconf 92' lang='lat'>1.</span> <span class='ocrx_word' id='word_1_157' title='bbox 1088 1806 1178 1868; x_wconf 72' lang='lat' dir='ltr'>-qcr</span> 
     </span>
     <span class='ocr_line' id='line_1_19' title="bbox 104 1868 1176 1936; baseline 0.001 -16"><span class='ocrx_word' id='word_1_158' title='bbox 104 1885 161 1936; x_wconf 80' lang='lat' dir='ltr'>que,</span> <span class='ocrx_word' id='word_1_159' title='bbox 181 1869 240 1920; x_wconf 82' lang='lat' dir='ltr'>Ab.</span> <span class='ocrx_word' id='word_1_160' title='bbox 258 1870 305 1920; x_wconf 88' lang='lat' dir='ltr'>der</span> <span class='ocrx_word' id='word_1_161' title='bbox 328 1868 379 1921; x_wconf 80' lang='lat' dir='ltr'>Art</span> <span class='ocrx_word' id='word_1_162' title='bbox 393 1870 444 1920; x_wconf 87' lang='lat' dir='ltr'>und</span> <span class='ocrx_word' id='word_1_163' title='bbox 456 1869 560 1921; x_wconf 81' lang='lat' dir='ltr'>Weiss:</span> <span class='ocrx_word' id='word_1_164' title='bbox 578 1869 618 1919; x_wconf 91' lang='lat' dir='ltr'>in·</span> <span class='ocrx_word' id='word_1_165' title='bbox 671 1884 779 1934; x_wconf 82' lang='lat' dir='ltr'>quosque</span> <span class='ocrx_word' id='word_1_166' title='bbox 789 1884 824 1919; x_wconf 81' lang='lat' dir='ltr'>eu.</span> <span class='ocrx_word' id='word_1_167' title='bbox 839 1884 911 1919; x_wconf 73' lang='lat' dir='ltr'>eac:</span> <span class='ocrx_word' id='word_1_168' title='bbox 923 1870 1035 1921; x_wconf 84' lang='lat' dir='ltr'>welches</span> <span class='ocrx_word' id='word_1_169' title='bbox 1049 1870 1176 1921; x_wconf 85' lang='lat' dir='ltr'>Gesehick</span> 
     </span>
     <span class='ocr_line' id='line_1_20' title="bbox 105 1935 1176 2003; baseline 0 -15"><span class='ocrx_word' id='word_1_170' title='bbox 105 1940 165 1988; x_wconf 89' lang='lat' dir='ltr'>dem</span> <span class='ocrx_word' id='word_1_171' title='bbox 183 1937 224 1988; x_wconf 90' lang='lat' dir='ltr'>die</span> <span class='ocrx_word' id='word_1_172' title='bbox 242 1937 358 1988; x_wconf 85' lang='lat' dir='ltr'>Waehen</span> <span class='ocrx_word' id='word_1_173' title='bbox 377 1938 427 1988; x_wconf 91' lang='lat' dir='ltr'>und</span> <span class='ocrx_word' id='word_1_174' title='bbox 444 1936 539 1989; x_wconf 87' lang='lat' dir='ltr'>Posten</span> <span class='ocrx_word' id='word_1_175' title='bbox 559 1935 616 1987; x_wconf 88' lang='lat' dir='ltr'>eine</span> <span class='ocrx_word' id='word_1_176' title='bbox 667 1936 744 2000; x_wconf 87' lang='lat' dir='ltr'>jeden</span> <span class='ocrx_word' id='word_1_177' title='bbox 757 1936 880 1987; x_wconf 86' lang='lat' dir='ltr'>betreffen</span> <span class='ocrx_word' id='word_1_178' title='bbox 893 1937 990 2003; x_wconf 84' lang='lat' dir='ltr'>wirrde,</span> <span class='ocrx_word' id='word_1_179' title='bbox 1003 1938 1108 2001; x_wconf 76' lang='lat' dir='ltr'>cigenti.</span> <span class='ocrx_word' id='word_1_180' title='bbox 1121 1938 1176 1990; x_wconf 86' lang='lat' dir='ltr'>aul-</span> 
     </span>
     <span class='ocr_line' id='line_1_21' title="bbox 104 2003 1176 2071; baseline 0.001 -15"><span class='ocrx_word' id='word_1_181' title='bbox 104 2004 344 2056; x_wconf 81' lang='lat' dir='ltr'>ununterbrochene</span> <span class='ocrx_word' id='word_1_182' title='bbox 356 2005 437 2057; x_wconf 84' lang='lat' dir='ltr'>Reihe</span> <span class='ocrx_word' id='word_1_183' title='bbox 448 2004 576 2069; x_wconf 86' lang='lat' dir='ltr'>bildeten,</span> <span class='ocrx_word' id='word_1_184' title='bbox 589 2004 616 2054; x_wconf 90' lang='lat' dir='ltr'>in</span> <span class='ocrx_word' id='word_1_185' title='bbox 645 2007 648 2015; x_wconf 86' lang='lat'>&#39;</span> <span class='ocrx_word' id='word_1_186' title='bbox 670 2005 788 2068; x_wconf 86' lang='lat' dir='ltr'>nebmen,</span> <span class='ocrx_word' id='word_1_187' title='bbox 801 2005 828 2054; x_wconf 89' lang='lat' dir='ltr'>in</span> <span class='ocrx_word' id='word_1_188' title='bbox 840 2003 964 2071; x_wconf 79' lang='lat' dir='ltr'>Empfang</span> <span class='ocrx_word' id='word_1_189' title='bbox 981 2006 1094 2057; x_wconf 86' lang='lat' dir='ltr'>nehmen.</span> <span class='ocrx_word' id='word_1_190' title='bbox 1118 2007 1176 2058; x_wconf 90' lang='lat' dir='ltr'>Liv.</span> 
     </span>
     <span class='ocr_line' id='line_1_22' title="bbox 105 2070 1177 2141; baseline 0 -17"><span class='ocrx_word' id='word_1_191' title='bbox 105 2074 181 2124; x_wconf 89' lang='lat' dir='ltr'>einer</span> <span class='ocrx_word' id='word_1_192' title='bbox 199 2070 617 2125; x_wconf 84' lang='lat' dir='ltr'>lortlauiendenlleihevonWa-</span> <span class='ocrx_word' id='word_1_193' title='bbox 670 2073 718 2136; x_wconf 84' lang='lat'>21,</span> <span class='ocrx_word' id='word_1_194' title='bbox 735 2073 782 2123; x_wconf 80' lang='lat'>48:</span> <span class='ocrx_word' id='word_1_195' title='bbox 800 2075 898 2139; x_wconf 80' lang='lat' dir='ltr'>inopia,</span> <span class='ocrx_word' id='word_1_196' title='bbox 925 2089 988 2138; x_wconf 83' lang='lat' dir='ltr'>quaa</span> <span class='ocrx_word' id='word_1_197' title='bbox 1002 2090 1050 2141; x_wconf 80' lang='lat' dir='ltr'>per</span> <span class='ocrx_word' id='word_1_198' title='bbox 1068 2076 1177 2125; x_wconf 79' lang='lat' dir='ltr'>hostium</span> 
     </span>
     <span class='ocr_line' id='line_1_23' title="bbox 104 2139 1175 2206; baseline -0.001 -13"><span class='ocrx_word' id='word_1_199' title='bbox 104 2139 341 2192; x_wconf 87' lang='lat' dir='ltr'>chenundPosten.</span> <span class='ocrx_word' id='word_1_200' title='bbox 359 2140 616 2206; x_wconf 69' lang='lat' dir='ltr'>Vi&#39;gtlmesindkloi-</span> <span class='ocrx_word' id='word_1_201' title='bbox 670 2154 747 2206; x_wconf 76' lang='lat' dir='ltr'>agros</span> <span class='ocrx_word' id='word_1_202' title='bbox 769 2145 868 2191; x_wconf 77' lang='lat' dir='ltr'>euntem</span> <span class='ocrx_word' id='word_1_203' title='bbox 890 2144 973 2192; x_wconf 83' lang='lat' dir='ltr'>maior</span> <span class='ocrx_word' id='word_1_204' title='bbox 991 2145 1019 2192; x_wconf 82' lang='lat' dir='ltr'>in</span> <span class='ocrx_word' id='word_1_205' title='bbox 1037 2140 1090 2192; x_wconf 85' lang='lat' dir='ltr'>dies</span> <span class='ocrx_word' id='word_1_206' title='bbox 1107 2145 1175 2192; x_wconf 74' lang='lat' dir='ltr'>emei-</span> 
     </span>
     <span class='ocr_line' id='line_1_24' title="bbox 104 2207 757 2276; baseline -0.005 -16"><span class='ocrx_word' id='word_1_207' title='bbox 104 2225 171 2262; x_wconf 85' lang='lat' dir='ltr'>nere</span> <span class='ocrx_word' id='word_1_208' title='bbox 193 2207 302 2274; x_wconf 86' lang='lat' dir='ltr'>Posten,</span> <span class='ocrx_word' id='word_1_209' title='bbox 320 2212 439 2261; x_wconf 78' lang='lat' dir='ltr'>stationes</span> <span class='ocrx_word' id='word_1_210' title='bbox 461 2224 541 2273; x_wconf 80' lang='lat' dir='ltr'>ganzo</span> <span class='ocrx_word' id='word_1_211' title='bbox 564 2207 617 2258; x_wconf 81' lang='lat' dir='ltr'>Ab·</span> <span class='ocrx_word' id='word_1_212' title='bbox 666 2208 757 2276; x_wconf 71' lang='lat' dir='ltr'>prebat</span> 
     </span>
     <span class='ocr_line' id='line_1_25' title="bbox 104 2267 1176 2344; baseline -0.003 -15"><span class='ocrx_word' id='word_1_213' title='bbox 104 2277 264 2341; x_wconf 74' lang='lat' dir='ltr'>thsilungen.</span> <span class='ocrx_word' id='word_1_214' title='bbox 283 2305 316 2314; x_wconf 94' lang='lat'>—</span> <span class='ocrx_word' id='word_1_215' title='bbox 335 2279 482 2344; x_wconf 70' lang='lat' dir='ltr'>cmttiugact</span> <span class='ocrx_word' id='word_1_216' title='bbox 497 2279 564 2328; x_wconf 77' lang='lat' dir='ltr'>inter</span> <span class='ocrx_word' id='word_1_217' title='bbox 575 2291 616 2326; x_wconf 83' lang='lat' dir='ltr'>se:</span> <span class='ocrx_word' id='word_1_218' title='bbox 704 2267 758 2326; x_wconf 71' lang='grc'>22.</span> <span class='ocrx_word' id='word_1_219' title='bbox 783 2275 805 2326; x_wconf 95' lang='lat' dir='ltr'>l.</span> <span class='ocrx_word' id='word_1_220' title='bbox 832 2273 929 2338; x_wconf 81' lang='lat' dir='ltr'>Quarta</span> <span class='ocrx_word' id='word_1_221' title='bbox 953 2276 1041 2342; x_wconf 66' lang='lat' dir='ltr'>mgriliu</span> <span class='ocrx_word' id='word_1_222' title='bbox 1063 2279 1176 2328; x_wconf 79' lang='lat' dir='ltr'>circiter:</span> 
     </span>
     <span class='ocr_line' id='line_1_26' title="bbox 105 2342 1178 2410; baseline -0.001 -14"><span class='ocrx_word' id='word_1_223' title='bbox 105 2344 247 2396; x_wconf 80' lang='lat' dir='ltr'>‘einander&#39;</span> <span class='ocrx_word' id='word_1_224' title='bbox 266 2344 302 2409; x_wconf 79' lang='lat' dir='ltr'>(B.</span> <span class='ocrx_word' id='word_1_225' title='bbox 316 2343 346 2396; x_wconf 82' lang='lat' dir='ltr'>G.</span> <span class='ocrx_word' id='word_1_226' title='bbox 361 2347 385 2410; x_wconf 86' lang='grc'>7,</span> <span class='ocrx_word' id='word_1_227' title='bbox 403 2346 445 2410; x_wconf 88' lang='grc'>23,</span> <span class='ocrx_word' id='word_1_228' title='bbox 458 2345 487 2397; x_wconf 85' lang='lat'>3:</span> <span class='ocrx_word' id='word_1_229' title='bbox 506 2350 534 2396; x_wconf 83' lang='lat' dir='ltr'>ut</span> <span class='ocrx_word' id='word_1_230' title='bbox 550 2347 617 2395; x_wconf 79' lang='lat' dir='ltr'>inter</span> <span class='ocrx_word' id='word_1_231' title='bbox 669 2342 725 2395; x_wconf 85' lang='lat' dir='ltr'>also</span> <span class='ocrx_word' id='word_1_232' title='bbox 737 2358 818 2409; x_wconf 65' lang='lat' dir='ltr'>pogen</span> <span class='ocrx_word' id='word_1_233' title='bbox 830 2343 950 2408; x_wconf 82' lang='lat' dir='ltr'>Morgen3</span> <span class='ocrx_word' id='word_1_234' title='bbox 963 2346 1028 2396; x_wconf 85' lang='lat' dir='ltr'>deon</span> <span class='ocrx_word' id='word_1_235' title='bbox 1040 2345 1081 2395; x_wconf 88' lang='lat' dir='ltr'>die</span> <span class='ocrx_word' id='word_1_236' title='bbox 1093 2345 1178 2397; x_wconf 79' lang='lat' dir='ltr'>Nacht</span> 
     </span>
     <span class='ocr_line' id='line_1_27' title="bbox 106 2411 1177 2478; baseline 0 -15"><span class='ocrx_word' id='word_1_237' title='bbox 106 2430 134 2463; x_wconf 77' lang='lat' dir='ltr'>se</span> <span class='ocrx_word' id='word_1_238' title='bbox 157 2415 303 2478; x_wconf 79' lang='lat' dir='ltr'>cmetingaat</span> <span class='ocrx_word' id='word_1_239' title='bbox 325 2413 415 2476; x_wconf 72' lang='lat' dir='ltr'>habes)</span> <span class='ocrx_word' id='word_1_240' title='bbox 440 2413 488 2464; x_wconf 84' lang='lat' dir='ltr'>mit</span> <span class='ocrx_word' id='word_1_241' title='bbox 508 2413 554 2465; x_wconf 88' lang='lat' dir='ltr'>der</span> <span class='ocrx_word' id='word_1_242' title='bbox 574 2411 617 2463; x_wconf 91' lang='lat' dir='ltr'>bei</span> <span class='ocrx_word' id='word_1_243' title='bbox 669 2413 757 2463; x_wconf 82' lang='lat' dir='ltr'>wurde</span> <span class='ocrx_word' id='word_1_244' title='bbox 776 2411 818 2462; x_wconf 88' lang='lat' dir='ltr'>bei</span> <span class='ocrx_word' id='word_1_245' title='bbox 831 2411 879 2461; x_wconf 89' lang='lat' dir='ltr'>den</span> <span class='ocrx_word' id='word_1_246' title='bbox 891 2412 1000 2464; x_wconf 86' lang='lat' dir='ltr'>Rb&#39;mern</span> <span class='ocrx_word' id='word_1_247' title='bbox 1013 2413 1039 2464; x_wconf 89' lang='lat' dir='ltr'>in</span> <span class='ocrx_word' id='word_1_248' title='bbox 1052 2414 1068 2463; x_wconf 86' lang='grc'><strong>4</strong></span> <span class='ocrx_word' id='word_1_249' title='bbox 1080 2413 1177 2465; x_wconf 87' lang='lat' dir='ltr'>Nacht-</span> 
     </span>
     <span class='ocr_line' id='line_1_28' title="bbox 106 2478 904 2545; baseline -0.004 -13"><span class='ocrx_word' id='word_1_250' title='bbox 106 2482 196 2532; x_wconf 84' lang='lat' dir='ltr'>dieser</span> <span class='ocrx_word' id='word_1_251' title='bbox 207 2479 344 2545; x_wconf 81' lang='lat' dir='ltr'>Wendung</span> <span class='ocrx_word' id='word_1_252' title='bbox 356 2481 552 2545; x_wconf 77' lang='lat' dir='ltr'>nothwendigen</span> <span class='ocrx_word' id='word_1_253' title='bbox 565 2478 616 2531; x_wconf 87' lang='lat' dir='ltr'>Un-</span> <span class='ocrx_word' id='word_1_254' title='bbox 669 2481 773 2530; x_wconf 84' lang='lat' dir='ltr'>wachen</span> <span class='ocrx_word' id='word_1_255' title='bbox 786 2479 904 2543; x_wconf 82' lang='lat' dir='ltr'>getheilt.</span> 
     </span>
     <span class='ocr_line' id='line_1_29' title="bbox 105 2547 1177 2612; baseline -0.003 -12"><span class='ocrx_word' id='word_1_256' title='bbox 105 2548 281 2612; x_wconf 81' lang='lat' dir='ltr'>terdriiclmng</span> <span class='ocrx_word' id='word_1_257' title='bbox 294 2550 339 2600; x_wconf 85' lang='lat' dir='ltr'>des</span> <span class='ocrx_word' id='word_1_258' title='bbox 352 2549 457 2601; x_wconf 85' lang='lat' dir='ltr'>Obieots</span> <span class='ocrx_word' id='word_1_259' title='bbox 469 2550 514 2600; x_wconf 87' lang='lat' dir='ltr'>des</span> <span class='ocrx_word' id='word_1_260' title='bbox 526 2547 616 2612; x_wconf 87' lang='lat' dir='ltr'>Verbi,</span> <span class='ocrx_word' id='word_1_261' title='bbox 704 2548 728 2599; x_wconf 84' lang='lat'>2.</span> <span class='ocrx_word' id='word_1_262' title='bbox 747 2549 871 2597; x_wconf 80' lang='lat' dir='ltr'>mdtitur:</span> <span class='ocrx_word' id='word_1_263' title='bbox 889 2548 956 2598; x_wconf 88' lang='lat' dir='ltr'>wird</span> <span class='ocrx_word' id='word_1_264' title='bbox 974 2565 1019 2600; x_wconf 86' lang='lat' dir='ltr'>uns</span> <span class='ocrx_word' id='word_1_265' title='bbox 1039 2550 1085 2599; x_wconf 91' lang='lat' dir='ltr'>der</span> <span class='ocrx_word' id='word_1_266' title='bbox 1102 2549 1177 2599; x_wconf 83' lang='lat' dir='ltr'>Stadt</span> 
     </span>
     <span class='ocr_line' id='line_1_30' title="bbox 105 2616 1176 2684; baseline -0.003 -16"><span class='ocrx_word' id='word_1_267' title='bbox 105 2617 149 2668; x_wconf 88' lang='lat' dir='ltr'>nie</span> <span class='ocrx_word' id='word_1_268' title='bbox 162 2633 189 2667; x_wconf 79' lang='lat' dir='ltr'>se</span> <span class='ocrx_word' id='word_1_269' title='bbox 203 2617 265 2668; x_wconf 90' lang='lat' dir='ltr'>oder</span> <span class='ocrx_word' id='word_1_270' title='bbox 276 2619 326 2667; x_wconf 78' lang='lat' dir='ltr'>sibi</span> <span class='ocrx_word' id='word_1_271' title='bbox 336 2619 444 2669; x_wconf 77' lang='lat' dir='ltr'>interce.</span> <span class='ocrx_word' id='word_1_272' title='bbox 669 2616 796 2679; x_wconf 80' lang='lat' dir='ltr'>gelasssn.</span> <span class='ocrx_word' id='word_1_273' title='bbox 809 2643 841 2651; x_wconf 96' lang='lat'><em>-</em></span> <span class='ocrx_word' id='word_1_274' title='bbox 855 2631 899 2665; x_wconf 80' lang='lat' dir='ltr'>nee</span> <span class='ocrx_word' id='word_1_275' title='bbox 906 2619 982 2684; x_wconf 80' lang='lat' dir='ltr'>prius</span> <span class='ocrx_word' id='word_1_276' title='bbox 994 2646 1026 2653; x_wconf 93' lang='lat'>—</span> <span class='ocrx_word' id='word_1_277' title='bbox 1045 2632 1122 2682; x_wconf 82' lang='lat' dir='ltr'>quum</span> <span class='ocrx_word' id='word_1_278' title='bbox 1134 2616 1176 2666; x_wconf 87' lang='lat' dir='ltr'>de-</span> 
     </span>
    </p>

    <p class='ocr_par' dir='ltr' id='par_1_7' title="bbox 143 2682 1177 2781">
     <span class='ocr_line' id='line_1_31' title="bbox 143 2682 1177 2781; baseline -0.002 -47"><span class='ocrx_word' id='word_1_279' title='bbox 143 2717 167 2767; x_wconf 45' lang='lat'>5.</span> <span class='ocrx_word' id='word_1_280' title='bbox 185 2717 407 2781; x_wconf 52' lang='lat' dir='ltr'><strong><em>mmmmm</em></strong></span> <span class='ocrx_word' id='word_1_281' title='bbox 421 2713 616 2779; x_wconf 33' lang='lat' dir='ltr'>Amnum,</span> <span class='ocrx_word' id='word_1_282' title='bbox 669 2682 781 2734; x_wconf 81' lang='lat' dir='ltr'>ducatur.</span> <span class='ocrx_word' id='word_1_283' title='bbox 808 2682 859 2733; x_wconf 84' lang='lat' dir='ltr'>Der</span> <span class='ocrx_word' id='word_1_284' title='bbox 872 2684 1025 2735; x_wconf 86' lang='lat' dir='ltr'>Coniunctiv</span> <span class='ocrx_word' id='word_1_285' title='bbox 1043 2700 1099 2734; x_wconf 86' lang='lat' dir='ltr'>zum</span> <span class='ocrx_word' id='word_1_286' title='bbox 1110 2683 1177 2733; x_wconf 79' lang='lat' dir='ltr'>Aus—</span> 
     </span>
    </p>
   </div>
   <div class='ocr_carea' id='block_1_5' title="bbox 106 2750 1177 2914">
    <p class='ocr_par' dir='ltr' id='par_1_8' title="bbox 106 2750 1177 2914">
     <span class='ocr_line' id='line_1_32' title="bbox 107 2750 1177 2849; baseline -0.022 -26"><span class='ocrx_word' id='word_1_287' title='bbox 107 2786 150 2849; x_wconf 62' lang='lat'>37,</span> <span class='ocrx_word' id='word_1_288' title='bbox 162 2785 193 2834; x_wconf 65' lang='lat'>62</span> <span class='ocrx_word' id='word_1_289' title='bbox 210 2783 320 2848; x_wconf 41' lang='grc' dir='ltr'>,ΝΜ</span> <span class='ocrx_word' id='word_1_290' title='bbox 331 2785 387 2849; x_wconf 58' lang='lat' dir='ltr'>quis</span> <span class='ocrx_word' id='word_1_291' title='bbox 403 2799 464 2834; x_wconf 61' lang='lat' dir='ltr'>uam</span> <span class='ocrx_word' id='word_1_292' title='bbox 490 2785 535 2848; x_wconf 62' lang='lat' dir='ltr'>qm·</span> <span class='ocrx_word' id='word_1_293' title='bbox 544 2782 615 2832; x_wconf 49' lang='lat' dir='ltr'>dm·-</span> <span class='ocrx_word' id='word_1_294' title='bbox 669 2752 749 2831; x_wconf 75' lang='lat' dir='ltr'>druok</span> <span class='ocrx_word' id='word_1_295' title='bbox 762 2752 807 2801; x_wconf 89' lang='lat' dir='ltr'>der</span> <span class='ocrx_word' id='word_1_296' title='bbox 816 2750 984 2829; x_wconf 57' lang='lat' dir='ltr'>liorstellung</span> <span class='ocrx_word' id='word_1_297' title='bbox 993 2753 1037 2831; x_wconf 82' lang='lat' dir='ltr'>des</span> <span class='ocrx_word' id='word_1_298' title='bbox 1050 2751 1177 2830; x_wconf 82' lang='lat' dir='ltr'>Subiects‚</span> 
     </span>
     <span class='ocr_line' id='line_1_33' title="bbox 106 2800 1177 2914; baseline -0.022 -23"><span class='ocrx_word' id='word_1_299' title='bbox 106 2855 180 2904; x_wconf 60' lang='lat' dir='ltr'><em>taret„</em></span> <span class='ocrx_word' id='word_1_300' title='bbox 213 2850 296 2903; x_wconf 58' lang='lat' dir='ltr'>Ueber</span> <span class='ocrx_word' id='word_1_301' title='bbox 311 2853 360 2902; x_wconf 65' lang='lat' dir='ltr'>de„</span> <span class='ocrx_word' id='word_1_302' title='bbox 377 2800 547 2903; x_wconf 57' lang='lat' dir='ltr'>ffnters&#39;chied</span> <span class='ocrx_word' id='word_1_303' title='bbox 562 2851 615 2914; x_wconf 41' lang='grc' dir='ltr'>γε,</span> <span class='ocrx_word' id='word_1_304' title='bbox 670 2834 719 2870; x_wconf 80' lang='lat' dir='ltr'>wie</span> <span class='ocrx_word' id='word_1_305' title='bbox 733 2819 797 2868; x_wconf 86' lang='lat' dir='ltr'>auch</span> <span class='ocrx_word' id='word_1_306' title='bbox 808 2833 860 2868; x_wconf 82' lang='lat' dir='ltr'>wir</span> <span class='ocrx_word' id='word_1_307' title='bbox 871 2834 961 2882; x_wconf 82' lang='lat' dir='ltr'>sagen:</span> <span class='ocrx_word' id='word_1_308' title='bbox 982 2835 1020 2870; x_wconf 82' lang='lat' dir='ltr'>sie</span> <span class='ocrx_word' id='word_1_309' title='bbox 1033 2819 1177 2869; x_wconf 84' lang='lat' dir='ltr'>verlressen</span> 
     </span>
    </p>
   </div>
   <div class='ocr_carea' id='block_1_6' title="bbox 106 2886 1178 3019">
    <p class='ocr_par' dir='ltr' id='par_1_9' title="bbox 106 2886 1178 3019">
     <span class='ocr_line' id='line_1_34' title="bbox 106 2886 1178 3019; baseline 0.019 -35"><span class='ocrx_word' id='word_1_310' title='bbox 106 2921 201 2986; x_wconf 71' lang='lat' dir='ltr'>zum</span> <span class='ocrx_word' id='word_1_311' title='bbox 218 2919 235 2986; x_wconf 80' lang='lat' dir='ltr'>s</span> <span class='ocrx_word' id='word_1_312' title='bbox 252 2919 309 2970; x_wconf 73' lang='lat'><strong>⁵04·</strong></span> <span class='ocrx_word' id='word_1_313' title='bbox 334 2919 359 2970; x_wconf 76' lang='lat' dir='ltr'>s·</span> <span class='ocrx_word' id='word_1_314' title='bbox 372 2919 442 2970; x_wconf 73' lang='lat'><strong>211³·</strong></span> <span class='ocrx_word' id='word_1_315' title='bbox 456 2917 486 2970; x_wconf 67' lang='lat' dir='ltr'>G·</span> <span class='ocrx_word' id='word_1_316' title='bbox 500 2920 525 2983; x_wconf 52' lang='lat'>⁷,</span> <span class='ocrx_word' id='word_1_317' title='bbox 540 2919 579 2982; x_wconf 84' lang='lat'>17,</span> <span class='ocrx_word' id='word_1_318' title='bbox 593 2919 616 2968; x_wconf 79' lang='lat'>³·</span> <span class='ocrx_word' id='word_1_319' title='bbox 669 2887 713 3005; x_wconf 59' lang='lat' dir='ltr'>ffl</span> <span class='ocrx_word' id='word_1_320' title='bbox 724 2886 1178 3019; x_wconf 63' lang='lat' dir='ltr'>illinittillittl‘ittil</span> 
     </span>
    </p>
   </div>
   <div class='ocr_carea' id='block_1_7' title="bbox 66 3021 1178 3972">
    <p class='ocr_par' dir='ltr' id='par_1_10' title="bbox 66 3021 1178 3972">
     <span class='ocr_line' id='line_1_35' title="bbox 142 3021 1178 3088; baseline -0.002 -14"><span class='ocrx_word' id='word_1_321' title='bbox 142 3025 166 3075; x_wconf 90' lang='lat'>6.</span> <span class='ocrx_word' id='word_1_322' title='bbox 185 3035 300 3074; x_wconf 81' lang='lat' dir='ltr'>summae</span> <span class='ocrx_word' id='word_1_323' title='bbox 316 3021 617 3085; x_wconf 71' lang='lat' dir='ltr'>rerum‘Entsoheidung</span> <span class='ocrx_word' id='word_1_324' title='bbox 669 3023 779 3072; x_wconf 87' lang='lat' dir='ltr'>wiirde</span> <span class='ocrx_word' id='word_1_325' title='bbox 804 3023 870 3084; x_wconf 78' lang='lat' dir='ltr'>(man</span> <span class='ocrx_word' id='word_1_326' title='bbox 889 3023 971 3086; x_wconf 81' lang='lat' dir='ltr'>vergi.</span> <span class='ocrx_word' id='word_1_327' title='bbox 997 3024 1110 3088; x_wconf 77' lang='lat' dir='ltr'>dagegen</span> <span class='ocrx_word' id='word_1_328' title='bbox 1128 3038 1178 3073; x_wconf 76' lang='lat' dir='ltr'>reon</span> 
     </span>
     <span class='ocr_line' id='line_1_36' title="bbox 107 3087 1176 3158; baseline -0.004 -13"><span class='ocrx_word' id='word_1_329' title='bbox 107 3095 154 3145; x_wconf 86' lang='lat' dir='ltr'>der</span> <span class='ocrx_word' id='word_1_330' title='bbox 165 3090 264 3155; x_wconf 70' lang='lat' dir='ltr'>Dioge&#39;.</span> <span class='ocrx_word' id='word_1_331' title='bbox 288 3090 314 3141; x_wconf 88' lang='lat' dir='ltr'>S.</span> <span class='ocrx_word' id='word_1_332' title='bbox 327 3106 359 3141; x_wconf 87' lang='lat' dir='ltr'>zu</span> <span class='ocrx_word' id='word_1_333' title='bbox 376 3091 400 3155; x_wconf 85' lang='lat'>3,</span> <span class='ocrx_word' id='word_1_334' title='bbox 414 3090 455 3154; x_wconf 91' lang='grc'>94,</span> <span class='ocrx_word' id='word_1_335' title='bbox 469 3091 492 3141; x_wconf 86' lang='grc'>7.</span> <span class='ocrx_word' id='word_1_336' title='bbox 516 3089 616 3140; x_wconf 81' lang='lat' dir='ltr'>Anders</span> <span class='ocrx_word' id='word_1_337' title='bbox 667 3091 753 3158; x_wconf 78' lang='lat' dir='ltr'>prius,</span> <span class='ocrx_word' id='word_1_338' title='bbox 768 3105 844 3155; x_wconf 82' lang='lat' dir='ltr'>quam</span> <span class='ocrx_word' id='word_1_339' title='bbox 861 3087 991 3142; x_wconf 64' lang='lat' dir='ltr'>Mucius·</span> <span class='ocrx_word' id='word_1_340' title='bbox 1008 3093 1070 3143; x_wconf 88' lang='lat' dir='ltr'>oder</span> <span class='ocrx_word' id='word_1_341' title='bbox 1088 3090 1176 3141; x_wconf 86' lang='lat' dir='ltr'>deduc-</span> 
     </span>
     <span class='ocr_line' id='line_1_37' title="bbox 66 3155 1178 3226; baseline -0.002 -15"><span class='ocrx_word' id='word_1_342' title='bbox 66 3196 69 3200; x_wconf 82' lang='lat'>·</span> <span class='ocrx_word' id='word_1_343' title='bbox 107 3163 132 3226; x_wconf 83' lang='lat'>2,</span> <span class='ocrx_word' id='word_1_344' title='bbox 151 3160 194 3224; x_wconf 84' lang='lat'>30,</span> <span class='ocrx_word' id='word_1_345' title='bbox 215 3160 237 3209; x_wconf 91' lang='lat'>1.</span> <span class='ocrx_word' id='word_1_346' title='bbox 261 3187 295 3196; x_wconf 90' lang='lat'><em>-</em></span> <span class='ocrx_word' id='word_1_347' title='bbox 317 3162 398 3209; x_wconf 73' lang='lat' dir='ltr'>merite</span> <span class='ocrx_word' id='word_1_348' title='bbox 420 3162 494 3225; x_wconf 71' lang='lat' dir='ltr'>atque</span> <span class='ocrx_word' id='word_1_349' title='bbox 517 3159 616 3207; x_wconf 80' lang='lat' dir='ltr'>animo:</span> <span class='ocrx_word' id='word_1_350' title='bbox 669 3158 775 3222; x_wconf 78' lang='lat' dir='ltr'>tricast).</span> <span class='ocrx_word' id='word_1_351' title='bbox 788 3158 815 3208; x_wconf 92' lang='lat' dir='ltr'>B.</span> <span class='ocrx_word' id='word_1_352' title='bbox 829 3155 859 3208; x_wconf 84' lang='lat' dir='ltr'>G.</span> <span class='ocrx_word' id='word_1_353' title='bbox 873 3159 897 3223; x_wconf 85' lang='lat'>3,</span> <span class='ocrx_word' id='word_1_354' title='bbox 912 3159 942 3210; x_wconf 87' lang='lat'>18</span> <span class='ocrx_word' id='word_1_355' title='bbox 954 3175 977 3211; x_wconf 86' lang='lat' dir='ltr'>a.</span> <span class='ocrx_word' id='word_1_356' title='bbox 990 3159 1178 3226; x_wconf 63' lang='lat' dir='ltr'>umacus-ros</span> 
     </span>
     <span class='ocr_line' id='line_1_38' title="bbox 106 3223 1178 3293; baseline -0.007 -12"><span class='ocrx_word' id='word_1_357' title='bbox 106 3227 237 3281; x_wconf 79' lang='lat' dir='ltr'>Verstand</span> <span class='ocrx_word' id='word_1_358' title='bbox 264 3226 315 3277; x_wconf 90' lang='lat' dir='ltr'>und</span> <span class='ocrx_word' id='word_1_359' title='bbox 340 3223 448 3277; x_wconf 83' lang='lat' dir='ltr'>Gemiith</span> <span class='ocrx_word' id='word_1_360' title='bbox 468 3224 617 3291; x_wconf 78' lang='lat' dir='ltr'>(Wiinsche,</span> <span class='ocrx_word' id='word_1_361' title='bbox 670 3225 836 3278; x_wconf 66' lang='lat' dir='ltr'>Viridovicem</span> <span class='ocrx_word' id='word_1_362' title='bbox 848 3224 987 3291; x_wconf 81' lang='lat' dir='ltr'>dimittunt,</span> <span class='ocrx_word' id='word_1_363' title='bbox 1002 3243 1077 3293; x_wconf 85' lang='lat' dir='ltr'>quam</span> <span class='ocrx_word' id='word_1_364' title='bbox 1096 3228 1178 3276; x_wconf 82' lang='lat' dir='ltr'>abdis</span> 
     </span>
     <span class='ocr_line' id='line_1_39' title="bbox 107 3291 1178 3360; baseline -0.003 -14"><span class='ocrx_word' id='word_1_365' title='bbox 107 3296 269 3360; x_wconf 73' lang='lat' dir='ltr'>Neigungen,</span> <span class='ocrx_word' id='word_1_366' title='bbox 283 3291 411 3359; x_wconf 76' lang='lat' dir='ltr'>Gefmle),</span> <span class='ocrx_word' id='word_1_367' title='bbox 424 3294 447 3344; x_wconf 89' lang='lat' dir='ltr'>d.</span> <span class='ocrx_word' id='word_1_368' title='bbox 459 3294 484 3344; x_wconf 91' lang='lat' dir='ltr'>h.</span> <span class='ocrx_word' id='word_1_369' title='bbox 497 3293 538 3344; x_wconf 89' lang='lat' dir='ltr'>ihr</span> <span class='ocrx_word' id='word_1_370' title='bbox 549 3293 617 3344; x_wconf 86' lang='lat' dir='ltr'>Deo·</span> <span class='ocrx_word' id='word_1_371' title='bbox 669 3296 715 3344; x_wconf 77' lang='lat' dir='ltr'>sit</span> <span class='ocrx_word' id='word_1_372' title='bbox 726 3309 912 3344; x_wconf 80' lang='lat' dir='ltr'>concessum</span> <span class='ocrx_word' id='word_1_373' title='bbox 930 3296 967 3358; x_wconf 74' lang='lat' dir='ltr'>(so</span> <span class='ocrx_word' id='word_1_374' title='bbox 985 3296 1056 3346; x_wconf 86' lang='lat' dir='ltr'>hiitte</span> <span class='ocrx_word' id='word_1_375' title='bbox 1074 3310 1101 3350; x_wconf 85' lang='lat' dir='ltr'>es</span> <span class='ocrx_word' id='word_1_376' title='bbox 1114 3294 1178 3344; x_wconf 85' lang='lat' dir='ltr'>auch</span> 
     </span>
     <span class='ocr_line' id='line_1_40' title="bbox 106 3361 1177 3427; baseline -0.004 -12"><span class='ocrx_word' id='word_1_377' title='bbox 106 3364 157 3416; x_wconf 83' lang='lat' dir='ltr'>ken</span> <span class='ocrx_word' id='word_1_378' title='bbox 175 3364 226 3414; x_wconf 84' lang='lat' dir='ltr'>und</span> <span class='ocrx_word' id='word_1_379' title='bbox 243 3363 285 3414; x_wconf 90' lang='lat' dir='ltr'>ihr</span> <span class='ocrx_word' id='word_1_380' title='bbox 296 3362 446 3413; x_wconf 87' lang='lat' dir='ltr'>Wiinsehen</span> <span class='ocrx_word' id='word_1_381' title='bbox 459 3361 524 3426; x_wconf 79' lang='lat' dir='ltr'>(ihre</span> <span class='ocrx_word' id='word_1_382' title='bbox 537 3376 616 3425; x_wconf 76' lang='lat' dir='ltr'>garze</span> <span class='ocrx_word' id='word_1_383' title='bbox 669 3362 727 3413; x_wconf 87' lang='lat' dir='ltr'>hier</span> <span class='ocrx_word' id='word_1_384' title='bbox 739 3362 787 3413; x_wconf 88' lang='lat' dir='ltr'>mit</span> <span class='ocrx_word' id='word_1_385' title='bbox 798 3361 878 3411; x_wconf 89' lang='lat' dir='ltr'>leicht</span> <span class='ocrx_word' id='word_1_386' title='bbox 887 3361 1076 3427; x_wconf 78' lang='lat' dir='ltr'>bagreiilidhem</span> <span class='ocrx_word' id='word_1_387' title='bbox 1085 3362 1177 3414; x_wconf 87' lang='lat' dir='ltr'>Unter-</span> 
     </span>
     <span class='ocr_line' id='line_1_41' title="bbox 106 3428 1176 3495; baseline -0.007 -11"><span class='ocrx_word' id='word_1_388' title='bbox 106 3431 192 3495; x_wconf 79' lang='lat' dir='ltr'>Seele)</span> <span class='ocrx_word' id='word_1_389' title='bbox 204 3446 261 3482; x_wconf 83' lang='lat' dir='ltr'>war</span> <span class='ocrx_word' id='word_1_390' title='bbox 278 3428 324 3482; x_wconf 87' lang='lat' dir='ltr'>auf</span> <span class='ocrx_word' id='word_1_391' title='bbox 339 3431 384 3482; x_wconf 86' lang='lat' dir='ltr'>das</span> <span class='ocrx_word' id='word_1_392' title='bbox 401 3429 617 3483; x_wconf 84' lang='lat' dir='ltr'>Versehiedenste</span> <span class='ocrx_word' id='word_1_393' title='bbox 670 3430 758 3482; x_wconf 87' lang='lat' dir='ltr'>schied</span> <span class='ocrx_word' id='word_1_394' title='bbox 770 3428 888 3480; x_wconf 73' lang='lat' dir='ltr'>deductm</span> <span class='ocrx_word' id='word_1_395' title='bbox 900 3433 933 3480; x_wconf 85' lang='lat' dir='ltr'>sit</span> <span class='ocrx_word' id='word_1_396' title='bbox 943 3431 1046 3482; x_wconf 86' lang='lat' dir='ltr'>heissen</span> <span class='ocrx_word' id='word_1_397' title='bbox 1059 3430 1176 3490; x_wconf 78' lang='lat' dir='ltr'>kdnnenl.</span> 
     </span>
     <span class='ocr_line' id='line_1_42' title="bbox 106 3496 1176 3566; baseline -0.007 -14"><span class='ocrx_word' id='word_1_398' title='bbox 106 3500 244 3566; x_wconf 79' lang='lat' dir='ltr'>gericbtet.</span> <span class='ocrx_word' id='word_1_399' title='bbox 282 3498 307 3549; x_wconf 91' lang='lat' dir='ltr'>S.</span> <span class='ocrx_word' id='word_1_400' title='bbox 330 3515 353 3549; x_wconf 89' lang='lat' dir='ltr'>z.</span> <span class='ocrx_word' id='word_1_401' title='bbox 372 3497 399 3548; x_wconf 89' lang='lat' dir='ltr'>B.</span> <span class='ocrx_word' id='word_1_402' title='bbox 419 3496 449 3549; x_wconf 78' lang='lat' dir='ltr'>d.</span> <span class='ocrx_word' id='word_1_403' title='bbox 475 3497 502 3562; x_wconf 90' lang='lat'>1,</span> <span class='ocrx_word' id='word_1_404' title='bbox 522 3497 567 3561; x_wconf 87' lang='grc'>39,</span> <span class='ocrx_word' id='word_1_405' title='bbox 588 3498 616 3560; x_wconf 86' lang='grc'>1;</span> <span class='ocrx_word' id='word_1_406' title='bbox 670 3498 769 3549; x_wconf 79' lang='lat' dir='ltr'>Dareus</span> <span class='ocrx_word' id='word_1_407' title='bbox 790 3497 892 3561; x_wconf 81' lang='lat' dir='ltr'>ergiebt</span> <span class='ocrx_word' id='word_1_408' title='bbox 909 3498 966 3548; x_wconf 86' lang='lat' dir='ltr'>sich</span> <span class='ocrx_word' id='word_1_409' title='bbox 982 3500 1029 3550; x_wconf 88' lang='lat' dir='ltr'>der</span> <span class='ocrx_word' id='word_1_410' title='bbox 1047 3497 1085 3548; x_wconf 85' lang='lat' dir='ltr'>oft</span> <span class='ocrx_word' id='word_1_411' title='bbox 1103 3496 1176 3546; x_wconf 85' lang='lat' dir='ltr'>dario</span> 
     </span>
     <span class='ocr_line' id='line_1_43' title="bbox 107 3562 1176 3634; baseline -0.007 -14"><span class='ocrx_word' id='word_1_412' title='bbox 107 3571 132 3634; x_wconf 88' lang='grc'>3,</span> <span class='ocrx_word' id='word_1_413' title='bbox 148 3569 188 3633; x_wconf 89' lang='grc'>19,</span> <span class='ocrx_word' id='word_1_414' title='bbox 201 3568 231 3631; x_wconf 76' lang='lat' dir='ltr'>o,</span> <span class='ocrx_word' id='word_1_415' title='bbox 245 3567 270 3632; x_wconf 86' lang='grc'>6,</span> <span class='ocrx_word' id='word_1_416' title='bbox 283 3568 307 3631; x_wconf 80' lang='grc'>5,</span> <span class='ocrx_word' id='word_1_417' title='bbox 323 3568 345 3617; x_wconf 86' lang='grc'>1,</span> <span class='ocrx_word' id='word_1_418' title='bbox 363 3595 395 3604; x_wconf 91' lang='grc'>-</span> <span class='ocrx_word' id='word_1_419' title='bbox 409 3563 526 3616; x_wconf 73' lang='lat' dir='ltr'>berdale:</span> <span class='ocrx_word' id='word_1_420' title='bbox 540 3581 561 3616; x_wconf 87' lang='lat' dir='ltr'>c.</span> <span class='ocrx_word' id='word_1_421' title='bbox 577 3566 616 3629; x_wconf 87' lang='grc'>15,</span> <span class='ocrx_word' id='word_1_422' title='bbox 671 3566 789 3629; x_wconf 81' lang='lat' dir='ltr'>lisgende</span> <span class='ocrx_word' id='word_1_423' title='bbox 806 3565 904 3629; x_wconf 81' lang='lat' dir='ltr'>Begriff</span> <span class='ocrx_word' id='word_1_424' title='bbox 919 3567 964 3616; x_wconf 89' lang='lat' dir='ltr'>der</span> <span class='ocrx_word' id='word_1_425' title='bbox 975 3565 1084 3616; x_wconf 82' lang='lat' dir='ltr'>hbsioht</span> <span class='ocrx_word' id='word_1_426' title='bbox 1104 3565 1131 3614; x_wconf 89' lang='grc' dir='ltr'>Β.</span> <span class='ocrx_word' id='word_1_427' title='bbox 1146 3562 1176 3613; x_wconf 88' lang='lat' dir='ltr'>G.</span> 
     </span>
     <span class='ocr_line' id='line_1_44' title="bbox 107 3634 1176 3710; baseline -0.007 -22"><span class='ocrx_word' id='word_1_428' title='bbox 107 3639 131 3688; x_wconf 85' lang='lat'>3.</span> <span class='ocrx_word' id='word_1_429' title='bbox 154 3665 187 3673; x_wconf 93' lang='lat'>-</span> <span class='ocrx_word' id='word_1_430' title='bbox 209 3635 329 3686; x_wconf 71' lang='lat' dir='ltr'>aemlleret</span> <span class='ocrx_word' id='word_1_431' title='bbox 348 3663 381 3671; x_wconf 86' lang='lat'>-</span> <span class='ocrx_word' id='word_1_432' title='bbox 401 3636 551 3702; x_wconf 74' lang='lat' dir='ltr'>exciperent,</span> <span class='ocrx_word' id='word_1_433' title='bbox 577 3648 617 3682; x_wconf 91' lang='lat' dir='ltr'>wo</span> <span class='ocrx_word' id='word_1_434' title='bbox 672 3635 696 3700; x_wconf 85' lang='lat'>2,</span> <span class='ocrx_word' id='word_1_435' title='bbox 717 3634 757 3699; x_wconf 82' lang='lat'>12,</span> <span class='ocrx_word' id='word_1_436' title='bbox 777 3634 804 3682; x_wconf 89' lang='lat' dir='ltr'>l:</span> <span class='ocrx_word' id='word_1_437' title='bbox 821 3637 973 3700; x_wconf 82' lang='lat' dir='ltr'>priusquam</span> <span class='ocrx_word' id='word_1_438' title='bbox 985 3651 1011 3683; x_wconf 86' lang='lat' dir='ltr'>se</span> <span class='ocrx_word' id='word_1_439' title='bbox 1022 3635 1103 3683; x_wconf 80' lang='lat' dir='ltr'>hostes</span> <span class='ocrx_word' id='word_1_440' title='bbox 1114 3634 1176 3710; x_wconf 73' lang='lat' dir='ltr'>reci-</span> 
     </span>
     <span class='ocr_line' id='line_1_45' title="bbox 106 3700 1177 3836; baseline -0.007 -12"><span class='ocrx_word' id='word_1_441' title='bbox 106 3707 617 3836; x_wconf 48' lang='grc'>11112911919110111151</span> <span class='ocrx_word' id='word_1_442' title='bbox 667 3707 800 3820; x_wconf 61' lang='lat' dir='ltr'>trith</span> <span class='ocrx_word' id='word_1_443' title='bbox 812 3700 1044 3821; x_wconf 40' lang='grc'>1111911111</span> <span class='ocrx_word' id='word_1_444' title='bbox 1052 3701 1177 3820; x_wconf 59' lang='lat' dir='ltr'>...llll</span> 
     </span>
     <span class='ocr_line' id='line_1_46' title="bbox 106 3836 1176 3906; baseline -0.007 -14"><span class='ocrx_word' id='word_1_445' title='bbox 106 3842 193 3906; x_wconf 69' lang='lat' dir='ltr'>hdubg</span> <span class='ocrx_word' id='word_1_446' title='bbox 204 3840 246 3890; x_wconf 91' lang='lat' dir='ltr'>bei</span> <span class='ocrx_word' id='word_1_447' title='bbox 258 3838 361 3904; x_wconf 87' lang='lat' dir='ltr'>Verbis,</span> <span class='ocrx_word' id='word_1_448' title='bbox 374 3840 415 3891; x_wconf 91' lang='lat' dir='ltr'>die</span> <span class='ocrx_word' id='word_1_449' title='bbox 427 3856 459 3890; x_wconf 88' lang='lat' dir='ltr'>an</span> <span class='ocrx_word' id='word_1_450' title='bbox 472 3838 528 3888; x_wconf 82' lang='lat' dir='ltr'>sich</span> <span class='ocrx_word' id='word_1_451' title='bbox 540 3839 617 3888; x_wconf 88' lang='lat' dir='ltr'>sehon</span> <span class='ocrx_word' id='word_1_452' title='bbox 671 3837 754 3889; x_wconf 91' lang='lat' dir='ltr'>Ueber</span> <span class='ocrx_word' id='word_1_453' title='bbox 764 3838 838 3888; x_wconf 88' lang='lat' dir='ltr'>einen</span> <span class='ocrx_word' id='word_1_454' title='bbox 848 3840 960 3889; x_wconf 87' lang='lat' dir='ltr'>anderen</span> <span class='ocrx_word' id='word_1_455' title='bbox 970 3836 1104 3887; x_wconf 86' lang='lat' dir='ltr'>Gebrauch</span> <span class='ocrx_word' id='word_1_456' title='bbox 1114 3852 1134 3886; x_wconf 77' lang='lat' dir='ltr'>c.</span> <span class='ocrx_word' id='word_1_457' title='bbox 1146 3853 1176 3885; x_wconf 89' lang='lat' dir='ltr'>zu</span> 
     </span>
     <span class='ocr_line' id='line_1_47' title="bbox 106 3905 785 3972; baseline -0.004 -12"><span class='ocrx_word' id='word_1_458' title='bbox 106 3910 150 3962; x_wconf 85' lang='lat' dir='ltr'>die</span> <span class='ocrx_word' id='word_1_459' title='bbox 167 3907 337 3972; x_wconf 81' lang='lat' dir='ltr'>Vorstellung</span> <span class='ocrx_word' id='word_1_460' title='bbox 354 3908 426 3959; x_wconf 87' lang='lat' dir='ltr'>eines</span> <span class='ocrx_word' id='word_1_461' title='bbox 443 3905 617 3971; x_wconf 75' lang='lat' dir='ltr'>Zukiinftigen</span> <span class='ocrx_word' id='word_1_462' title='bbox 671 3924 692 3958; x_wconf 87' lang='lat' dir='ltr'>c.</span> <span class='ocrx_word' id='word_1_463' title='bbox 706 3906 748 3971; x_wconf 87' lang='grc'>41,</span> <span class='ocrx_word' id='word_1_464' title='bbox 761 3908 785 3957; x_wconf 88' lang='grc'>5.</span> 
     </span>
    </p>
   </div>
   <div class='ocr_carea' id='block_1_8' title="bbox 0 0 1291 4424">
    <p class='ocr_par' dir='ltr' id='par_1_11' title="bbox 0 0 1291 4424">
     <span class='ocr_line' id='line_1_48' title="bbox 0 0 1291 4424; baseline 0 0"><span class='ocrx_word' id='word_1_465' title='bbox 0 0 1291 4424; x_wconf 95' lang='lat' dir='ltr'> </span> 
     </span>
    </p>
   </div>
  </div>
 </body>
</html>
