2572 4424
527 215 545 270 l.
559 213 667 271 78-60.

1023 172 1027 179 ’
1072 216 1132 284 ros

62 376 147 439 bant.
182 374 215 438 si
235 392 322 438 mons
338 382 402 438 erat
417 375 635 451 ascendendus,
650 374 734 437 facile
748 374 811 455 ipsa
824 374 881 437 loci
895 380 1001 436 natura
1014 376 1132 456 pericu-
1153 397 1168 448 2

60 464 126 527 lum
146 462 320 544 repellebat,
345 463 425 546 quod
446 482 482 525 ex
501 463 572 524 loeis
591 462 805 544 superioribus,
832 462 883 543 qui
900 470 1126 539 antecesserant,

59 569 133 614 suos
149 551 342 613 ascendentes
357 550 564 633 protegebant,
579 569 648 613 curn
664 549 744 613 vallis
760 556 811 612 aut
826 550 907 613 locus
923 550 1041 612 declivis
1056 551 1128 613 sub·
1149 568 1164 621 3

60 644 123 701 erat
135 655 234 720 neque
245 637 273 714 ii,
289 638 340 719 qui
351 644 579 713 antecesserant,
594 637 779 700 morantibus
793 655 880 719 opem
891 637 970 699 ferre
981 644 1128 719 poterant,

60 724 178 807 equites
199 741 268 787 vero
287 744 324 787 ex
344 726 408 788 loco
431 725 582 807 superiore
602 725 635 787 in
649 743 765 788 aversos
780 726 839 787 tela
853 724 1047 800 coniciebant,
1064 733 1129 787 tum
1191 722 1198 729 '

59 829 170 893 magno
190 812 298 873 eratin
312 812 442 893 periculo
462 830 519 874 res.
555 811 804 894 Relinquebatur,
824 819 872 886 ut,
894 831 963 875 curn
984 811 1130 875 eiusmodi
1153 831 1168 882 r

59 898 132 961 locis
147 904 225 960 esset
239 900 518 982 appropinquatum,
539 899 688 979 legionum
708 899 792 981 signa
812 898 972 960 consistere
993 898 1130 961 iuberent

59 1002 229 1067 magnoque
240 985 355 1067 impetu
366 986 530 1068 equitatum
541 986 726 1068 repellerent,
740 1005 774 1048 eo
785 994 937 1049 summoto
948 996 1071 1068 repente
1082 987 1131 1047 in-

17 1120 20 1125 .
60 1071 142 1135 citati
154 1090 245 1135 cursu
255 1073 451 1135 seseinvallis
463 1073 792 1136 universidemitterent
804 1082 893 1155 atque
905 1073 945 1135 ita
956 1071 1131 1154 transgressi

59 1176 167 1222 rursus
182 1159 214 1220 in
228 1159 298 1223 locis
313 1161 514 1243 superioribus
529 1160 736 1224 consisterent.
771 1160 846 1222 Nam
861 1168 979 1223 tantuna
994 1159 1030 1221 ab
1046 1159 1131 1241 equi·
1150 1158 1168 1228 '5

59 1252 129 1310 tum
149 1264 276 1311 suorum
296 1248 409 1312 auxiliis
430 1248 565 1324 aberant,
582 1267 712 1330 quornm
727 1266 889 1311 numerum
904 1247 1053 1309 habebant
1067 1265 1133 1308 ma-

58 1350 166 1414 gnum,
188 1340 223 1396 ut
242 1353 293 1397 eos
313 1334 517 1416 superioribus
537 1336 712 1417 perterritos
729 1335 849 1418 proeliis
864 1335 895 1396 in
910 1334 1042 1397 medinm
1057 1333 1133 1396 reci-

58 1428 169 1503 perent
188 1439 295 1502 agmen
313 1423 451 1504 ultroque
467 1441 518 1485 eos
538 1430 711 1500 tuerentor;
732 1441 862 1505 quorum
877 1422 951 1484 nulli
970 1440 1007 1484 ex
1026 1420 1132 1485 itinere

60 1508 205 1570 excedere
220 1507 335 1585 licebat,
351 1510 424 1591 quin
439 1508 475 1571 ab
492 1510 628 1591 equitatu
643 1510 773 1573 Caesaris
790 1510 982 1591 exciperetur.

149 1594 200 1658 80.
222 1594 285 1657 Tali
300 1596 373 1660 dum
387 1604 536 1679 pugnatur
550 1598 656 1672 modo,
672 1597 752 1660 lente
767 1605 855 1677 atque
869 1596 1012 1678 paulatim
1026 1613 1133 1678 proce·

59 1680 146 1744 ditur
160 1680 337 1764 crebroque,
353 1690 387 1745 ut
402 1684 463 1746 sint
477 1685 584 1747 anxilio
599 1685 674 1759 suis,
690 1684 872 1760 subsistunt3
888 1690 921 1745 ut
936 1689 1001 1746 turn
1016 1682 1129 1745 accidit.

58 1767 140 1831 Milia
160 1768 241 1831 enirn
259 1771 407 1851 progressi
427 1789 471 1833 1111
490 1772 757 1853 vehementiusque
779 1770 931 1853 peragitati
945 1770 981 1832 ab
997 1770 1131 1852 equitatu
1153 1785 1168 1835 2

57 1862 198 1917 montem
210 1858 359 1921 excelsum
371 1858 491 1940 capiunt
502 1858 602 1941 ibique
611 1877 671 1921 una
682 1858 782 1920 lronte
794 1858 1023 1920 contrahostem
1036 1864 1132 1919 castra

56 1941 205 2006 muniunt
224 1963 324 2026 neque
344 1944 486 2008 iumentis
506 1964 596 2008 onera
617 1947 782 2028 deponunt.
815 1944 871 2008 Ubi
892 1944 1022 2006 Caesaris
1038 1951 1132 2006 castra
1154 1969 1169 2018 3

54 2030 154 2112 posita
172 2030 422 2114 tabernaculaque
443 2034 602 2097 constituta
623 2041 652 2095 et
678 2033 815 2095 dimissos
836 2032 953 2115 equites
973 2029 1132 2114 pabulandi

56 2134 148 2181 causa
166 2117 301 2183 animum
321 2119 529 2197 adverterunt,
551 2140 618 2184 sese
633 2120 732 2184 subito
747 2120 917 2203 proripiunt
932 2120 1004 2181 hora
1020 2118 1133 2182 circiter

58 2328 102 2365 res
120 2327 156 2363 ιιι
167 2310 263 2365 declen
276 2314 325 2365 und
338 2313 380 2367 die
393 2314 512 2367 lleiterei
525 2314 570 2366 ab·
620 2315 707 2384 populi
722 2312 792 2365 Ilorre
815 2315 960 2381 qfutururn.
991 2310 1132 2376 Uebrigens

56 2382 181 2433 anbalten
192 2382 201 2445 1
202 2381 291 2451 plures
298 2383 335 2434 ist
340 2382 569 2436 hendscbril‘tliebe
624 2385 731 2435 beaebto
743 2399 800 2434 man
816 2386 864 2434 dcn
876 2382 966 2434 Plural
984 2382 1092 2446 accida,
1105 2382 1133 2432 in

57 2450 167 2514 Lesert3
192 2452 238 2503 das
262 2468 310 2504 vor
332 2453 482 2522 Nipperdey
505 2455 570 2505 nach

57 2519 212 2571 ciacconius
219 2519 357 2574 Coniectur
366 2522 503 2587 allgemein
513 2521 569 2574 aul-

57 2604 222 2710 penonnnrene
231 2588 334 2659 pterea
345 2591 382 2643 ist
393 2592 420 2642 in
432 2593 478 2643 der
490 2600 569 2657 guten

77 2673 140 2711 rosa
152 2659 226 2710 nicht
236 2660 435 2725 gebrliuelrliobl.

90 2728 117 2779 4.
136 2730 236 2781 meme
251 2734 329 2781 cartu
341 2747 394 2781 sese
404 2729 567 2794 demadem,

56 2796 109 2849 wie
122 2814 144 2849 c.
164 2798 206 2863 td,
217 2798 248 2848 4:
265 2814 361 2868 magno
373 2815 450 2851 cursu
462 2801 570 2850 comar-

57 2870 103 2917 ter.
129 2863 328 2934 Saiadtaratl,
342 2868 382 2935 ll,
395 2868 425 2933 33
438 2868 463 2933 3,
476 2870 518 2933 24,
530 2868 569 2931 dl:

58 2934 116 2986 sich
137 2935 167 2987 in
188 2937 280 2987 rascbo
299 2937 444 3003 Bewegung
466 2944 569 2999 setzcn3

57 3003 138 3055 daber
149 3006 271 3056 imitatas
281 3007 403 3058 rellexiv:
416 3008 472 3057 sich
483 3006 511 3056 in
522 3005 570 3057 be·

58 3088 125 3138 weg.
137 3074 253 3139 sstzend,
270 3077 354 3140 resch,
368 3076 441 3141 eilig,
453 3067 569 3127 vervon-

57 3140 264 3206 stiindigtdurcb
273 3144 320 3196 den
330 3143 570 3197 adverbialenrlus-

58 3210 140 3262 drnck
156 3226 249 3263 cmm:
266 3213 366 3265 sebnall
384 3213 419 3265 irn
435 3212 529 3277 Laul'e,
543 3212 570 3263 in

59 3279 219 3346 sebnellern,
247 3282 344 3333 vollem
365 3281 462 3347 Lanle,
486 3279 571 3332 wofdr

57 3351 243 3401 constantem
253 3366 338 3415 cursu,
352 3350 401 3403 wie
411 3351 438 3402 B.
450 3349 480 3402 G.
491 3350 516 3416 2,
527 3351 570 3414 26,

57 3417 82 3471 3.
99 3416 452 3483 (Andereverbindeneursu
461 3418 571 3470 miteese

55 3486 231 3550 danrt'tterentr
249 3504 271 3539 s.
282 3505 315 3540 zu
326 3488 356 3553 ³,
368 3489 442 3555 lo,5
461 3490 511 3539 und
528 3488 570 3554 93,

56 3556 92 3621 6).
105 3554 208 3607 Zama
216 3555 489 3623 domomum,
497 3558 538 3621 31,
546 3557 570 3607 2.

92 3627 119 3677 5.
138 3628 240 3676 tantm
255 3653 274 3665 -
289 3627 407 3677 addant:
426 3626 464 3677 sie
483 3641 570 3677 waren

58 3710 89 3747 ro
101 3693 169 3745 weit
180 3709 231 3747 von
247 3694 295 3747 der
305 3694 382 3747 lliilla
397 3695 469 3747 ihrer
481 3695 570 3746 lleite-

55 3763 99 3817 rei
109 3760 570 3831 enderntaiebalfibnensowenig,

54 3834 120 3885 dass
138 3831 179 3884 sie
198 3847 275 3898 sogor
291 3858 334 3885 —.
363 3832 504 3898 Aebnlicb,
523 3850 571 3884 nur

53 3903 109 3955 neit
117 3900 303 3968 Verlindernng
315 3902 361 3953 des
373 3902 492 3954 Subiecta
501 3902 528 3952 ll.
539 3901 570 3954 G.

55 3974 82 4039 1,
95 3970 142 4037 36,
155 3974 185 4023 b:
197 3969 472 4041 longetitfiaternum
482 3987 571 4023 nomem

625 2455 735 2505 anderar
746 2454 785 2503 als
804 2454 850 2503 der
868 2452 1062 2517 gewbbnlichen
1072 2451 1132 2502 Bed.

625 2536 675 2575 von
688 2522 796 2573 anatim.
827 2521 891 2572 Sall.
911 2521 966 2572 Cat.
979 2522 1004 2585 6,
1017 2523 1047 2571 b:
1060 2522 1134 2571 sociis

623 2597 647 2642 ot
658 2594 747 2643 arraiet'e
759 2591 861 2642 aemilia
870 2592 1008 2658 portabant.
1036 2590 1077 2653 52,
1087 2590 1133 2641 28:

623 2661 725 2712 amitte
740 2660 844 2712 demean
859 2662 992 2728 parantur.
1004 2687 1037 2695 -
1053 2657 1133 2709 ultro:

625 2729 778 2781 obendrcin:
792 2729 830 2779 sle
850 2729 983 2779 sehiitzten
1002 2727 1073 2777 nicht
1085 2742 1134 2776 nur

625 2798 803 2863 dieLegionen
814 2796 893 2862 nicht,
903 2798 1012 2848 sondern
1019 2803 1133 2847 musston

626 2869 690 2918 noch
698 2866 838 2918 obendreln
845 2881 895 2918 von
905 2865 993 2917 diesen
1000 2866 1135 2930 gcscbiitzt

623 2937 737 2989 lvorden.
768 2936 793 2986 S.
813 2953 835 2986 e.
855 2936 896 3000 86,
916 2937 944 2999 l;
962 2938 987 3001 2,
1006 2935 1031 3001 2,
1049 2936 1064 2987 6
1083 2934 1134 2985 und

625 3005 651 3056 B.
667 3004 696 3056 G.
710 3008 734 3070 b,
747 3005 788 3069 28,
801 3006 826 3056 4.

660 3067 713 3126 86.
735 3076 756 3126 1.
773 3072 830 3127 Tale·
843 3073 905 3125 datm
921 3078 1052 3143 pag-aratur
1063 3072 1135 3123 modo

625 3172 643 3182 -
660 3145 810 3207 redemerat,
835 3144 893 3195 eine
917 3143 1070 3208 allgemeine
1088 3142 1135 3193 Be-

626 3213 758 3278 nrerlxung,
769 3212 820 3263 wia
832 3217 861 3263 ut
872 3218 926 3263 tam
938 3213 1026 3264 accidet
1038 3211 1135 3276 tllest'd·

625 3281 717 3347 tigung
729 3280 866 3334 derselben
884 3283 963 3333 durch
976 3282 1024 3332 den
1036 3279 1134 3333 vorlic-

624 3352 723 3414 genden
736 3350 804 3415 l'all)
820 3351 898 3415 zeigt.
922 3350 1011 3415 Vergl.
1028 3352 1090 3415 2,1,
1104 3348 1133 3412 43

626 3420 789 3490 3,,68,1;Β.
804 3418 834 3470 G.
847 3422 872 3485 i,
885 3421 910 3485 3,
922 3420 947 3472 2.

660 3488 684 3539 2.
700 3491 840 3557 peragitati
856 3505 904 3539 nur
920 3488 978 3540 bier
996 3485 1038 3538 bei
1054 3486 1133 3536 Cdsar

625 3556 1133 3624 undiiberlauptsalton—unasrorete:

625 3642 674 3677 nur
692 3641 723 3676 an
742 3628 789 3677 der
807 3627 855 3677 den
867 3626 981 3678 Fcinden
993 3624 1133 3689 113111111-

625 3704 670 3746 tcn
687 3695 870 3757 Vorderscite3
888 3696 953 3746 denn
972 3694 1011 3745 sie
1028 3694 1133 3743 schann-

626 3771 670 3814 ten
684 3781 745 3829 nur,
764 3781 805 3815 urn
818 3781 849 3816 zu
861 3766 982 3816 ttiuscben
996 3763 1045 3813 und
1058 3761 1132 3814 einen

626 3833 777 3901 Vorsprnng
789 3851 820 3884 zu
832 3834 974 3899 gewinnen.

660 3903 684 3954 3.
703 3907 819 3953 anienem
836 3902 995 3955 adccrterunt
1012 3903 1062 3953 und
1074 3900 1090 3969 ξ
1102 3903 1132 3954 4:

625 3985 676 4037 qua
686 3987 715 4025 re
731 3974 846 4023 arrianum
862 3971 966 4025 advoca
983 3987 1004 4024 s.
1018 3988 1039 4024 c.
1053 3972 1095 4037 ea,
1108 3970 1132 4022 3.
