2572 4424
549 295 728 347 11199-101.
1110 306 1172 366 257

107 450 254 515 custodiis
268 468 370 532 neque
384 451 542 512 ordinibus
557 452 645 512 certis
665 470 773 532 magno
788 461 876 514 rento
892 461 922 514 et
937 455 1071 517 secundo
1090 476 1174 519 com-

105 540 200 620 pletas
215 536 371 598 onerarias
386 555 478 598 naves
493 538 578 599 taeda
593 545 623 598 et
638 537 702 616 pice
723 546 753 597 et
768 547 856 618 stupa
875 540 1055 621 reliquisque
1074 544 1173 617 rebus,

106 644 184 707 quae
200 631 275 686 sunt
290 623 326 684 ad
341 622 487 695 incendia,
503 624 533 684 in
550 623 784 703 Pomponianam
801 625 926 686 classem
947 626 1071 687 immisit
1085 638 1174 709 atque

107 728 215 772 omnes
230 726 323 770 nares
338 709 471 770 incendit
484 727 569 781 rm,
583 730 600 770 e
615 709 726 789 quibus
737 718 823 770 erant
838 729 873 770 rr
889 721 1064 774 constratae.
1095 715 1175 776 'lan-
1195 717 1210 767 3

105 806 215 877 tusque
232 815 268 855 eo
280 795 359 856 facto
373 794 466 855 timor
477 794 607 867 incessit,
623 804 666 866 nt,
679 815 748 856 oum
760 805 842 856 esset
852 797 928 877 legio
939 799 1083 877 praesidio
1096 801 1174 862 bles-

104 901 202 955 sanae,
218 880 269 942 rix
279 880 424 960 oppidum
437 880 657 953 defenderetur,
671 889 699 942 et
712 881 772 941 nisi
782 901 818 942 eo
830 882 895 961 ipso
907 890 1042 963 tempore
1053 887 1173 966 quidam

104 967 203 1030 nuntii
220 967 259 1029 de
274 965 409 1027 Caesaris
430 966 552 1027 victoria
572 985 627 1046 per
647 967 808 1046 dispositos
829 969 944 1047 equites
965 979 1066 1032 essent
1085 973 1172 1045 allati,

105 1052 454 1132 existimabantplerique
461 1053 595 1114 itrturum
602 1051 708 1126 fuisse,
714 1053 758 1113 uti
770 1054 965 1116 amitteretur.
989 1056 1049 1117 Sed
1061 1076 1173 1138 oppor-
1193 1063 1210 1111 4

104 1139 267 1201 tunissime
280 1138 396 1198 nuntiis
413 1138 507 1199 allatis
524 1138 668 1218 oppidum
683 1147 729 1198 est
746 1139 919 1213 defensum3
939 1140 1121 1224 Cassiusque
1137 1145 1174 1206 ad

105 1224 307 1306 Sulpicianam
322 1223 394 1285 inde
407 1225 531 1286 classem
550 1225 702 1304 proiectus
722 1233 768 1285 cst
783 1225 939 1300 Vibonem,
960 1229 1171 1310 applicatisque
1196 1239 1210 1286 5

103 1312 216 1372 nostris
232 1311 269 1370 ad
284 1316 396 1371 terram
412 1310 536 1372 navibus
550 1318 674 1390 propter
688 1311 817 1372 eundem
840 1312 980 1373 timorem
1001 1316 1063 1393 pam*
1084 1324 1174 1396 atque

99 1404 191 1458 *antea
211 1396 328 1456 ratione
349 1396 515 1457 secundum
537 1405 642 1457 nactus
669 1404 792 1457 ventum
819 1397 968 1459 onerarias
994 1417 1084 1462 naves
1106 1402 1175 1478 [cir-

105 1483 178 1543 citer
192 1483 240 1559 nn]
257 1489 445 1560 praeparatas
460 1483 497 1543 ad
512 1481 683 1543 incendium
706 1482 840 1556 immisit,
861 1491 891 1545 et
904 1485 1023 1547 flamma
1038 1487 1073 1548 ab
1089 1495 1175 1549 utro-

105 1586 163 1648 que
175 1583 272 1629 cornu
287 1584 467 1646 comprensa
484 1585 575 1628 naves
591 1576 664 1628 sunt
679 1567 851 1629 combustae
866 1570 1007 1648 quinque.
1038 1572 1174 1652 Cumque
1196 1579 1210 1628 6

104 1653 178 1733 ignis
193 1651 403 1731 magnitudino
419 1654 501 1714 venti
516 1653 604 1714 latius
616 1661 757 1732 serperet,
773 1654 890 1727 milites,
907 1655 958 1734 qui
972 1675 1008 1716 en
1024 1658 1174 1719 veteribus

106 1737 272 1818 legionibus
293 1747 379 1800 eraut
399 1739 493 1800 relicti
513 1739 661 1819 praesidio
676 1739 800 1800 navibus
816 1758 851 1800 ex
863 1757 991 1802 numero
1007 1762 1174 1822 aegrorum,

105 1824 299 1906 ignominiam
317 1841 380 1884 non
394 1826 540 1897 tulerunt,
562 1825 615 1886 sed
631 1843 683 1886 sua
698 1834 805 1904 sponte
825 1844 915 1888 nores
928 1831 1175 1891 conscenderunt

106 1919 134 1971 et
148 1928 166 1972 a
180 1914 264 1971 t'erra
278 1909 433 1970 solverunt
446 1911 620 1990 impetuque
631 1911 708 1972 laeto
720 1912 752 1970 in
765 1911 934 1973 Cassianam
945 1913 1068 1977 classem
1085 1915 1175 1997 quin-

105 1995 257 2077 queremis
278 1994 362 2068 duas,
389 1995 569 2076 inquorum
591 1997 681 2057 altera
696 2005 759 2057 erat
776 1997 905 2071 Cassius,
933 2011 1093 2083 ceperunt,
1119 2003 1174 2063 sed

103 2118 150 2204 den
167 2149 258 2203 Grund
273 2150 514 2218 desperlurbaturu.
542 2153 569 2202 ll.
583 2151 615 2204 G.
668 2169 700 2202 au
722 2152 827 2218 bringeu
850 2163 926 2206 enter
946 2154 995 2206 den
1016 2154 1110 2205 Sobutz
1127 2153 1173 2204 den

104 2218 304 2287 5,l2,3:nulla
316 2220 615 2288 sorrmnentmmcopia
667 2221 810 2287 Besutzung
835 2239 885 2272 von
912 2223 987 2277 Vibo.
1024 2221 1173 2285 Allerdings

103 2317 134 2326 —
149 2288 250 2355 gladie&
262 2290 364 2356 cespides
379 2288 559 2340 mreumm‘dero
575 2290 615 2338 ni·
668 2297 755 2355 sorgte
773 2291 811 2342 sie
824 2291 936 2342 dudurcb
947 2292 1061 2342 sobleobt
1076 2289 1173 2341 birote

102 2359 229 2408 bimur.
251 2383 285 2393 -
308 2372 386 2422 neque
406 2357 539 2408 ordinibus
560 2374 614 2410 cer·
667 2358 774 2424 selide,
793 2360 855 2410 aber
872 2360 912 2411 sie
929 2375 984 2410 war
1000 2375 1048 2409 nur
1062 2357 1108 2410 ani
1116 2359 1173 2410 ihre

103 2428 140 2491 lis,
154 2428 189 2477 da
201 2426 243 2477 sie
254 2425 360 2475 nicbtiu
370 2425 444 2476 einer
452 2427 614 2477 bestimmten
667 2427 813 2478 Sicberlteit
830 2428 945 2479 bedacbt.
963 2456 997 2466 —
1013 2430 1111 2479 molier
1128 2425 1174 2477 XL

106 2494 230 2559 ordnung
247 2494 363 2556 sunder,
382 2510 423 2545 um
441 2495 515 2546 einen
533 2496 615 2563 plo'tz·
667 2497 737 2547 steht
756 2496 783 2546 in
805 2497 853 2546 den
870 2495 1067 2548 llondsehrilten
1088 2497 1174 2547 linter

104 2563 188 2615 lichen
197 2561 615 2628 Angriffaninebmenzukdnnen.
667 2566 802 2615 onomius
817 2580 906 2628 naver,
927 2581 955 2615 so
973 2565 1033 2615 dass
1051 2565 1091 2614 die
1109 2564 1174 2615 Zubl

104 2660 134 2670 —
145 2647 245 2701 magno
262 2635 335 2682 amolo
351 2631 509 2695 olescendo,
525 2632 577 2683 wie
591 2633 615 2697 1,
668 2634 713 2683 der
724 2632 839 2682 Brandcr
851 2633 884 2681 40
898 2648 1015 2697 genesen
1027 2633 1106 2696 wilre,
1119 2647 1173 2681 was

103 2702 142 2767 25,
156 2701 173 2751 6
185 2699 277 2751 odacro
287 2714 363 2765 aquo,
382 2700 423 2764 50,
434 2700 462 2749 3:
478 2700 614 2768 rapidissi-
667 2700 832 2763 ungluublicb
848 2700 894 2767 ist,
910 2703 943 2751 da
955 2694 1084 2764 vierzig
1094 2700 1174 2750 brun·

102 2785 142 2821 rna
150 2769 275 2837 flumme.
288 2792 323 2806 -·
336 2783 401 2834 quoe
413 2773 474 2818 eunt
485 2769 522 2820 ad
532 2772 616 2820 inocu-
667 2770 714 2820 der
736 2783 816 2831 gesen
840 2769 899 2820 eins
925 2768 1048 2831 ungelibr
1073 2768 1173 2832 gleieho

105 2837 161 2889 deu:
185 2835 331 2888 bronnbare
352 2836 446 2898 statu
476 2854 531 2887 erae
553 2837 616 2887 od:
667 2838 733 2887 Zubl
754 2852 805 2886 von
823 2837 933 2887 Scbilien
957 2837 998 2886 ein
1017 2837 1173 2900 cigentbiim-

104 2907 195 2958 dienen
207 2922 240 2956 zu
252 2913 341 2970 etwas,
353 2905 388 2955 od
398 2904 493 2956 Zweok
507 2907 557 2957 und
567 2906 614 2958 Be-
668 2906 747 2955 liches
770 2906 819 2954 und
838 2907 897 2955 sehr
915 2904 1097 2971 kostspieliges
1118 2905 1173 2956 Ma·

104 2976 248 3038 slimmuns.
277 2973 366 3036 Vergl.
383 2973 437 3023 Cic.
457 2989 495 3042 ep.
515 2975 614 3026 adAtt.
668 2976 748 3024 nonen
780 2989 897 3038 gewesen
925 2974 1021 3024 wiron.
1062 2973 1173 3024 llesltalb

104 3042 126 3110 3,
149 3044 175 3108 l,
197 3043 226 3092 2:
245 3042 346 3106 reliqua
360 3046 475 3110 ternpore
489 3047 548 3093 eunt
564 3057 615 3093 non
667 3048 735 3093 setzt
760 3040 906 3108 Nipperdey
927 3040 969 3092 die
989 3041 1084 3093 Worto
1111 3043 1175 3093 nach

104 3115 157 3162 tam
176 3110 214 3162 ud
222 3109 376 3160 medicinam
392 3126 469 3176 quum
485 3110 522 3160 ud
531 3111 615 3176 finem
667 3111 788 3174 naudus,
805 3110 856 3160 und
873 3109 1071 3163 Forcbbarnmen
1086 3110 1176 3162 nimmt

104 3179 208 3230 doloris.
239 3178 340 3229 llbeuso
353 3175 423 3229 elatae
440 3180 479 3234 ele
495 3195 528 3228 rr.
548 3179 614 3229 Plat.
668 3195 713 3243 an,
729 3181 789 3229 dass
805 3178 843 3229 sie
860 3179 900 3230 uls
916 3176 1056 3242 ungeio'bro
1070 3179 1174 3244 Angubo

103 3246 159 3299 Alc.
175 3249 201 3330 1,
215 3262 241 3312 p.
256 3246 306 3296 tao
317 3244 352 3296 A:
371 3248 401 3295 rt
415 3243 453 3308 dl,
468 3242 504 3311 ἣν
521 3245 556 3295 σὺ
572 3248 614 3297 λέ·
668 3249 714 3299 dor
730 3248 825 3297 andern
839 3245 925 3298 lliillte
937 3247 982 3298 der
994 3247 1080 3298 Flotte
1093 3249 1175 3311 (Pom-

120 3332 161 3372 εις
172 3304 326 3381 ondoniton,
338 3315 387 3370 εἰς
395 3328 409 3362 r
417 3317 430 3363 ί
439 3312 547 3377 durem·
567 3315 615 3366 llic
668 3316 758 3382 ponius
768 3317 838 3366 batte
849 3316 881 3365 35
888 3316 989 3378 gebubt)
1000 3316 1174 3380 beigesobrio-

170 3391 198 3435 rt
222 3383 270 3434 dor
296 3382 407 3433 meilen
434 3381 544 3432 Familie
570 3383 616 3432 der
668 3383 716 3433 ben
740 3384 791 3432 nnd
815 3397 843 3432 so
867 3384 893 3433 in
918 3383 965 3434 den
988 3383 1056 3434 'l'oxt
1077 3400 1108 3433 an
1132 3383 1174 3431 dic

104 3451 247 3503 lluudscbr.
263 3450 302 3500 ist
316 3448 442 3519 optcc·ad
455 3448 616 3514 moendiq—
668 3448 765 3501 iulscbo
783 3450 867 3502 Stella
888 3451 1034 3515 gokommen
1056 3451 1122 3501 sind.
1141 3477 1174 3487 —
1214 3509 1221 3514 -

106 3518 302 3583 emunctam,
316 3518 357 3583 bb,
373 3519 394 3568 l.
667 3522 833 3586 praeparator
842 3518 879 3568 ad
885 3519 1042 3570 decendium:
1056 3536 1087 3568 zu
1096 3519 1175 3568 Bran-

139 3587 163 3638 3.
177 3591 256 3639 &nor
267 3588 380 3636 incoant:
393 3588 418 3651 2,
431 3585 471 3651 29,
487 3589 509 3638 l.
670 3588 732 3637 dern
755 3586 934 3650 cingeriobtet.
958 3615 992 3625 -
1015 3588 1121 3654 flaturae
1144 3586 1176 3635 ab

95 3680 99 3688 ·
138 3659 163 3706 b.
181 3659 285 3722 propter
294 3654 408 3705 -eondem
423 3657 546 3707 dmum.
570 3654 616 3704 llio
669 3658 778 3720 utroque
797 3670 876 3706 cornu
896 3670 1052 3724 comprensa.
1085 3653 1172 3718 Vergl.

105 3724 252 3788 llesatzung
267 3736 317 3773 von
335 3722 455 3774 Messana
472 3725 543 3774 butte
559 3723 616 3773 sich
668 3722 695 3771 B.
709 3721 740 3772 G.
754 3725 777 3785 5,
790 3723 832 3788 43,
845 3725 873 3774 2:
889 3723 942 3774 Hae
954 3725 1047 3787 (casae)
1065 3722 1176 3774 mbram

106 3789 616 3858 ieiggczeigndieselbeFoigbeitver-
671 3793 756 3856 mem
785 3791 1033 3859 comprehenderunt,
1065 3793 1177 3855 dagegen

108 3862 225 3912 unlusste
242 3857 616 3910 dieFlottenmannscbaltdos
672 3858 696 3922 8,
723 3859 764 3924 43,
791 3859 820 3909 3:
842 3861 957 3911 celeriter
978 3875 1053 3927 opera
1066 3860 1178 3926 flammo

106 3928 249 3995 Sulpicius,
268 3926 431 3979 ibreScbiifs
445 3928 486 3980 bei
499 3927 617 3978 Anniilie·
671 3929 844 3994 comprehenso
875 3931 972 3996 purtim
1005 3929 1178 3995 restinguunt,

108 4013 175 4061 rung
190 3993 366 4048 des-Foiudes
386 3999 461 4048 rasel
482 4012 529 4048 ens
544 3994 616 4047 Lend
668 3993 964 4063 pommeranorum.
1059 4038 1062 4043 .

156 4079 280 4123 omnm
293 4082 313 4124 c
326 4079 384 4126 sus
976 4082 1009 4137 17
