2572 4434
147 283 208 345 190
539 278 584 332 DE
595 279 702 333 BELLO
715 278 813 335 letLt

226 436 276 497 26.
303 437 346 498 illi
373 435 502 497 adhibite
529 437 650 499 audacia
677 444 706 497 et
733 437 843 497 virtute
869 436 1159 498 administrantibus
1177 436 1213 497 bi.

139 524 268 584 Antonio
291 531 320 584 et
341 523 425 584 Fufio
447 521 570 596 Caleno,
598 524 726 584 multum
750 522 825 602 ipsis
847 522 992 583 militibus
1020 522 1211 585 hortantibus

137 627 236 688 neque
261 611 354 671 ullum
374 608 541 688 periculum
564 627 618 688 pro
634 610 727 671 salute
745 609 877 670 Caesaris
898 609 1115 671 incusantibus
1137 608 1208 671 nacti

137 703 272 756 austrum
285 714 373 756 naves
387 696 505 757 solvunt
516 703 605 774 atque
617 696 709 756 altero
722 695 959 774 dieApolloniam
971 696 1207 775 praetervehun-

102 793 117 842 2
139 789 197 841 tur.
228 781 284 854 Qui
301 801 370 842 cum
384 788 488 842 essent
499 800 534 842 ex
550 781 716 841 continenti
729 780 791 853 visi,
805 781 965 861 Coponius,
983 782 1036 861 qui
1048 780 1205 861 Dyrrhachi

138 866 224 927 classi
231 867 363 929 Rhodiae
375 876 519 947 praeerat,
532 885 623 927 naves
635 887 671 928 ex
682 875 770 946 portu
783 866 892 939 educit,
900 876 930 927 et
942 886 1013 928 cum
1025 867 1087 927 iam
1099 865 1203 928 nostris

138 952 310 1014 remissiore
318 961 406 1014 vento
413 953 712 1033 appropinquassent,
721 953 800 1013 idem
806 962 907 1014 auster
919 952 1071 1014 increbuit
1082 952 1202 1014 nostris·

102 1051 117 1101 3
140 1056 198 1118 que
210 1040 357 1117 praesidio
372 1039 440 1100 tuit.
465 1039 569 1119 Neque
585 1058 655 1099 vero
671 1038 719 1098 itte
736 1038 853 1099 obeam
869 1057 988 1099 causam
1002 1046 1115 1100 conatu
1130 1037 1201 1099 desi·

140 1123 245 1197 stebat,
262 1126 313 1187 sed
328 1125 427 1186 labore
443 1136 473 1186 et
484 1125 704 1205 perseverantia
719 1132 877 1185 nautarum
895 1143 928 1184 se
943 1125 1003 1185 vim
1019 1123 1199 1205 tempestatis

139 1229 280 1290 superare
301 1229 392 1291 posse
414 1212 550 1292 sperabat
570 1219 848 1290 praetervectosque
866 1210 1084 1290 Dyrrhachium
1105 1226 1199 1289 magne

103 1315 118 1363 t
139 1297 167 1357 vi
182 1298 263 1359 venti
279 1298 372 1358 nihilo
389 1299 484 1359 secius
505 1296 692 1376 sequebatur.
726 1296 827 1357 Nostri
842 1296 888 1357 nsi
903 1296 1042 1358 fortunae
1063 1294 1198 1358 beneficio

138 1389 240 1444 tamen
248 1383 392 1463 impetum
405 1384 505 1445 classis
517 1382 670 1454 timebant,
683 1382 708 1443 si
721 1381 912 1443 forteventus
924 1382 1102 1444 remisisset
1125 1379 1198 1443 Nacti

139 1478 269 1548 portum,
285 1469 336 1548 qui
348 1471 511 1548 appellatur
523 1468 739 1548 Nymphaeum,
753 1469 828 1530 ultra
838 1468 959 1529 Lissum
971 1469 1053 1531 milia
1065 1484 1198 1548 passuum

139 1573 185 1627 111,
214 1574 248 1615 eo
275 1573 366 1617 naves
388 1556 619 1616 introduxerunt
646 1555 709 1634 (qui
734 1563 838 1634 portus
864 1554 900 1615 ab
921 1554 1022 1615 Africo
1042 1555 1197 1634 tegebatur,

139 1640 175 1702 ab
196 1650 297 1703 austro
319 1658 380 1701 non
403 1649 466 1703 erat
488 1642 582 1717 tutus)
609 1640 764 1720 leviusque
786 1641 973 1720 tempestatis
994 1659 1087 1721 quam
1108 1638 1198 1702 classis

104 1742 118 1789 5
138 1727 303 1806 perieulum
320 1727 561 1789 aestimaverunt.
584 1727 649 1799 Quo
663 1727 841 1805 simulatque
852 1727 933 1788 intro
947 1735 993 1788 est
1008 1727 1096 1801 itum,
1112 1726 1198 1787 iucre-

139 1812 220 1874 dibili
231 1813 485 1885 felicitateauster,
494 1813 545 1893 qui
557 1830 611 1890 per
622 1812 746 1873 biduum
754 1813 883 1884 fleverat,
891 1812 922 1872 in
930 1811 1064 1874 Africum
1072 1811 1197 1873 severtit

225 1898 274 1958 27.
302 1898 357 1960 Hic
380 1899 509 1961 suhitam
535 1898 802 1959 commutationem
828 1898 965 1959 fortunae
986 1898 1089 1960 videre
1114 1896 1197 1960 licuit

140 1984 198 2057 Qui
212 1984 301 2045 modo
317 1984 373 2046 sihi
388 1985 560 2057 timuerant,
582 1985 638 2046 hos
654 1984 821 2045 tutissimus
836 1992 940 2063 portus
955 1984 1135 2064 recipiebat3
1154 1980 1197 2063 qui

140 2069 252 2131 nostris
264 2070 389 2132 navibus
401 2071 568 2151 perieulum
581 2070 754 2143 intulerant,
771 2070 808 2129 de
823 2088 877 2130 suo
893 2070 999 2130 timere
1014 2070 1197 2149 cogebantur.

140 2296 181 2331 um
200 2281 238 2331 sie
257 2281 643 2345 selbstzuholen,waser,so
735 2279 758 2328 3.
793 2296 822 2329 ae
840 2282 889 2329 enin
913 2282 1066 2347 bmpsuotasss
1088 2294 1198 2361 sepem

140 2351 200 2400 sehr
219 2365 249 2400 cr
268 2348 315 2400 aus
332 2351 387 2400 sein
402 2348 484 2400 Gliick
501 2356 644 2412 vertraute,
697 2349 911 2415 possesperabat:
929 2349 984 2398 ‘hoc
997 2356 1047 2413 est,
1060 2348 1196 2415 remigando

139 2418 204 2467 doeh
220 2417 375 2481 eufzugeben
394 2420 529 2483 gentithigt
546 2418 642 2468 wurde.

139 2485 164 2537 S.
178 2485 245 2537 Plut.
259 2486 330 2538 Caes.
344 2488 388 2549 383
402 2486 472 2538 Coss.
485 2488 533 2538 Dio
546 2487 588 2549 41,
597 2487 643 2547 tt,

138 2557 202 2673 ξαρ.
213 2555 237 2619 2,
250 2556 296 2618 5Ἰ;
309 2555 402 2607 Lucan.
416 2558 440 2619 5,
453 2557 517 2620 500,
536 2556 606 2606 Flor.
619 2557 644 2619 4,

167 2627 228 2743 (ἕθ.
247 2626 270 2743 i.
292 2694 422 2760 Coponius,
433 2696 477 2759 qui
487 2722 504 2729 -
512 2697 644 2760 preeunt:

140 2778 161 2812 e.
175 2764 199 2825 5,
212 2762 235 2811 3.
257 2790 291 2799 -
312 2777 370 2812 eum
392 2765 485 2813 nostrie
502 2764 646 2812 remissiore

140 2836 208 2881 vnete
222 2834 465 2898 appropinquassent.
490 2831 538 2881 Die
551 2830 644 2881 Schide

140 2900 185 2949 des
205 2899 332 2950 Antonius
356 2917 443 2950 waren
464 2900 540 2949 meist
560 2899 644 2963 Lesb,

139 2969 195 3017 also
209 2966 386 3032 Segelsehiffe,
406 2969 447 3018 die
460 2970 504 3018 des
517 2967 643 3035 Coponius

142 3032 333 3098 uriegsseutffe,
342 3037 398 3087 elso
408 3054 464 3087 zum
475 3037 645 3087 Ruderdienst

140 3104 324 3167 cingerichtet,
346 3105 457 3157 konuten
478 3107 556 3155 daher
581 3107 645 3155 auch

139 3175 285 3224 reanissioce
308 3178 379 3223 cereto
407 3176 462 3225 sich
485 3176 532 3223 den
556 3174 645 3237 Segel-

140 3241 246 3290 schiffen
259 3242 355 3292 ntihern
362 3280 369 3306 ,
385 3244 425 3294 die
438 3251 493 3294 erst
505 3243 584 3293 durch
596 3244 644 3292 deu

140 3310 195 3360 sich
217 3311 314 3361 wieder
341 3312 498 3363 erhebenden
524 3312 643 3361 Siidwind

141 3379 188 3429 den
199 3377 354 3430 feindlichen
361 3381 470 3431 Schiffen
481 3380 645 3431 voruuskom-

140 3464 196 3523 mpn
213 3448 332 3499 konuten.
367 3452 429 3506 Τοῖς
444 3449 484 3511 de,
501 3446 537 3506 ὡς
551 3449 580 3500 ἓν
594 3466 644 3517 γα-

140 3517 216 3588 iqnp,
234 3517 291 3574 δέος
303 3510 335 3583 ἣν
346 3514 427 3581 πολὺ,
444 3514 482 3588 μὴ
495 3519 567 3587 σφᾶς
580 3512 644 3569 ἀνα-

140 3576 263 3658 τρήσειαν
291 3581 307 3652 ἢ
335 3577 511 3639 καταδύσειαν
538 3587 567 3637 αἱ
590 3605 644 3655 μα-

52 3666 55 3671 ’
140 3658 202 3725 κραὶ
221 3659 276 3711 τοῖς
295 3646 416 3724 ἐμβόλοις
435 3656 498 3724 App.
515 3656 540 3720 2,
558 3657 598 3705 59.
612 3684 645 3693 -

139 3729 282 3790 nostrasque
290 3723 414 3791 praestitio
420 3726 487 3791 fnit.
511 3726 572 3791 hpp.
586 3741 608 3774 a.
621 3740 644 3776 u.

141 3791 185 3842 0.:
204 3792 233 3843 αἱ
248 3792 299 3862 μὲν
316 3788 348 3858 δὴ
362 3794 412 3856 (die
426 3794 518 3845 Schiffc
535 3796 579 3843 des
591 3793 645 3843 An-

701 2432 729 2467 se
741 2418 851 2468 celerius
864 2418 966 2481 iturum,
980 2434 1056 2484 quam
1068 2415 1197 2469 Antonini

701 2486 771 2536 venti
788 2486 960 2551 magnitudine
973 2484 1132 2539 ferebantur'
1143 2485 1197 2551 Nip-

700 2556 796 2622 perdey
808 2571 832 2621 p.
848 2554 902 2605 168.

734 2624 758 2673 4.
780 2626 805 2672 α·
813 2625 889 2689 sorte
902 2628 989 2673 venne
999 2626 1149 2689 enutrisset,
1165 2621 1197 2672 sie

699 2693 755 2742 also
777 2692 824 2742 mit
844 2693 916 2742 ihren
934 2692 1120 2755 Segelschiffen
1139 2690 1197 2743 nisit

700 2761 868 2825 enthommeu‚
881 2762 992 2811 soudern
1005 2777 1057 2812 von
1070 2763 1117 2813 der
1128 2760 1197 2813 feind·

700 2830 784 2880 lichen
792 2828 878 2880 Flotte
891 2831 1006 2881 erreicht
1016 2832 1122 2882 werden
1128 2830 1197 2881 honn-

698 2906 751 2949 ten.
770 2928 802 2934 —
819 2900 850 2948 ab
861 2900 954 2965 Africo
971 2901 1111 2965 tegebatur.
1138 2898 1161 2950 S.
1172 2912 1197 2947 m

699 2968 726 3016 B.
741 2965 771 3017 G.
785 2968 809 3032 8,
830 2968 854 3030 9,
874 2967 904 3018 t:
926 2969 957 3017 ab
973 2967 1140 3019 musaeum
1153 2966 1198 3017 eet

700 3040 834 3100 tegeretur.
866 3036 949 3087 Ueber
966 3038 1012 3087 das
1024 3035 1126 3103 imperi.
1142 3041 1197 3101 ege

700 3106 782 3167 batur,
801 3105 872 3154 nicht
885 3110 1037 3167 notescunt,
1058 3121 1079 3155 s.
1093 3123 1125 3156 zu
1136 3104 1161 3155 B.
1172 3100 1197 3153 G.

702 3172 725 3239 1,
738 3174 780 3236 38,
793 3176 822 3222 t:
841 3173 960 3242 oppidum
976 3179 1073 3243 natum
1089 3174 1136 3225 loer'
1149 3186 1197 3223 mo·

700 3243 820 3292 utebatur.
841 3270 875 3279 -
893 3242 971 3293 leviter
985 3270 1004 3279 -
1013 3242 1154 3309 perieulum
1163 3256 1198 3291 uo·

699 3313 864 3361 stirpaverunt
886 3310 952 3361 kann
976 3310 1080 3363 erkl'drt
1106 3310 1198 3362 werden

700 3380 748 3430 wie
761 3380 787 3428 Β.
802 3378 832 3430 G.
846 3379 871 3445 t,
886 3381 923 3442 14,
940 3379 984 3430 102
999 3380 1080 3431 muno
1091 3380 1198 3445 ittam

700 3451 755 3499 ctos
771 3451 915 3511 aestimare,
937 3464 977 3497 wo
999 3449 1081 3499 durch
1099 3450 1143 3501 dus
1153 3446 1198 3497 Ad·

700 3517 771 3568 verb.
793 3517 834 3566 die
855 3518 904 3567 Art
923 3518 969 3568 der
981 3517 1141 3583 Schiitzung,
1159 3516 1198 3565 der

700 3586 843 3648 Mussstab,
861 3587 907 3636 den
925 3601 981 3636 man
1000 3586 1043 3636 bei
1059 3586 1102 3637 ihr
1112 3586 1197 3647 adest

700 3655 850 3706 bezeichnet
867 3654 944 3717 wind,
966 3656 1030 3706 oder
1045 3654 1125 3707 terim
1139 3655 1197 3705 kann

700 3725 738 3773 uls
750 3722 911 3774 Adiectivum
929 3723 976 3773 mit
992 3724 1134 3790 perieulum
1146 3738 1198 3775 ver·

700 3793 799 3843 bunden
811 3793 923 3843 werden.
933 3820 966 3827 -
975 3791 1065 3844 dossas
1073 3818 1091 3837 =
1099 3794 1198 3861 imponi

140 3862 240 3924 tonius)
260 3851 386 3945 pepoitoic
406 3853 485 3919 αὖθις
505 3864 596 3918 ἱστίοις
619 3862 648 3920 ἐξ
700 3861 791 3912 classis
803 3861 864 3911 Pom
882 3861 977 3911 cianus.

142 3922 254 3980 ἀέλπτου
277 3946 307 3980 το
333 3929 442 3999 πνεῦμα
463 3930 585 3999 ἐδέχοααο
600 3931 646 3981 καὶ

141 3994 263 4048 διέπλεον
274 3991 365 4054 ἀδεῶς.

735 3931 758 3980 5.
786 3932 842 3981 inor
872 3928 926 3980 itin
935 3928 1073 3995 settene.
1101 3928 1199 3983 ueste

700 3998 809 4050 tondere
820 3995 911 4063 Gliieh,
923 3999 969 4049 dus
980 3999 1055 4051 seins
1064 3996 1199 4053 Uateruelt·
