2572 4424
172 264 232 327 178
564 260 726 313 nanneno
739 260 838 315 crvur

169 437 319 498 navesque
335 436 441 479 ornnes
456 425 581 478 revocat.
617 417 682 478 lina
697 435 734 477 ex
747 416 810 489 his,
826 435 901 497 quae
922 416 1123 496 perseverarit
1137 435 1237 499 neque

166 503 287 584 imperio
304 503 402 565 Caleni
417 503 639 583 obtemperavit,
655 504 735 582 quod
747 512 810 565 erat
821 503 886 565 sine
898 502 1044 565 militibus
1059 504 1236 584 privatoque

166 590 289 651 consilio
302 589 570 662 administrabatur,
583 590 677 652 delata
690 589 810 651 Oricum
823 598 911 669 atque
923 609 941 651 a
951 588 1056 651 Bibulo
1069 598 1236 670 expugnata

131 688 146 739 3
171 686 232 748 θείς
253 676 303 757 qui
318 677 354 737 de
370 676 464 737 serris
479 674 639 755 liberisque
655 674 795 737 omnibus
812 676 848 736 ad
869 674 1038 755 impuberes
1053 675 1235 756 supplicium

167 763 258 823 sumit
273 763 352 823 etad
369 781 464 823 unum
480 761 627 822 interficit.
659 762 700 823 lta
715 761 819 841 exiguo
832 770 968 841 ternpore
980 778 1150 843 magnoque
1166 780 1235 825 cusu

168 849 262 910 totius
278 848 426 909 exercitus
441 849 520 909 salus
536 847 680 908 constitit.

254 935 302 995 15.
324 933 461 1007 Bibulus,
484 942 622 1013 utsupra
643 934 881 994 demonstratum
897 940 957 1005 est,
979 940 1042 994 erat
1056 951 1126 995 cum
1143 933 1234 995 classo

167 1021 204 1081 ad
221 1019 341 1081 Oricum
359 1028 398 1091 et,
419 1019 597 1083 sicutimari
612 1018 808 1099 portibusque
823 1018 978 1081 Caesarem
994 1018 1183 1098 prohibebat,
1196 1020 1234 1081 ita

130 1118 145 1167 2
166 1106 229 1186 ipse
244 1106 327 1167 omni
348 1114 426 1165 terra
443 1123 544 1166 earum
560 1106 715 1184 regionum
734 1103 961 1184 prohibebatur;
981 1104 1137 1184 praesidiis
1153 1105 1233 1167 euim

169 1192 319 1271 dispositis
326 1192 425 1252 omnia
436 1191 521 1251 litora
533 1209 549 1250 a
561 1190 683 1253 Caesare
695 1191 882 1263 tenebantur,
895 1208 993 1270 neque
1003 1190 1136 1269 lignandi
1148 1198 1235 1271 atquc

131 1286 147 1337 3
167 1278 295 1358 aquandi
310 1295 409 1356 neque
432 1295 523 1337 naves
540 1277 575 1337 ad
591 1286 700 1338 terram
715 1276 858 1356 religandi
880 1284 1011 1356 potestas
1031 1276 1130 1339 tiebat.
1166 1276 1236 1341 Erat

167 1364 262 1424 resin
278 1381 384 1441 magna
399 1363 586 1435 difficultate,
608 1362 796 1442 summisque
811 1362 956 1441 angustiis
975 1380 1079 1425 rerum
1095 1380 1236 1425 necessa·

166 1448 278 1511 riarum
299 1449 530 1528 premebantur,
551 1448 624 1509 adeo
639 1457 673 1509 ut
688 1458 865 1527 cogerentur
885 1448 972 1509 sicuti
986 1449 1137 1528 reliquum
1153 1468 1236 1511 com-

167 1544 297 1596 meatum
310 1535 349 1597 ita
361 1535 440 1615 ligna
451 1544 540 1614 atque
552 1552 659 1614 aquarn
672 1533 796 1613 Corcyra
808 1533 936 1595 navibus
948 1535 1092 1595 onerariis
1105 1552 1235 1616 suppor-

67 1678 72 1689 ,
128 1635 145 1684 4
165 1629 237 1693 tare,
253 1629 342 1701 atque
359 1622 449 1682 etiam
464 1638 526 1682 uno
542 1629 678 1700 ternpore
689 1620 802 1693 accidit,
817 1629 852 1681 ut
866 1620 1082 1683 difficilioribus
1097 1621 1146 1682 usi
1158 1630 1235 1683 tem·

165 1706 329 1786 pestatibus
344 1726 381 1767 ex
395 1706 529 1786 pellibus
543 1705 652 1785 quibus
665 1715 749 1767 erant
760 1715 856 1767 tectae
868 1724 968 1780 naves,
985 1715 1172 1769 nocturnum
1184 1724 1236 1771 cx·

130 1807 145 1856 d
167 1792 266 1873 cipere
277 1811 377 1853 rorem
390 1802 663 1872 cogerentur3quas
676 1792 973 1853 tamendilficultates
985 1792 1135 1872 patienter
1146 1801 1235 1874 atquc

166 1897 262 1958 aequo
278 1878 379 1939 animo
396 1878 533 1939 serebant
547 1896 646 1956 neque
662 1876 719 1938 sibi
729 1878 868 1941 nudanda
882 1878 967 1940 litora
979 1886 1010 1940 ct
1020 1878 1235 1959 relinquendos

129 1973 270 2043 opertus
291 1964 508 2025 existimabant.
548 1963 608 2024 Sed
629 1982 697 2024 curn
726 1973 828 2025 essent
848 1964 880 2024 in
901 1964 1009 2044 quibus
1030 1964 1234 2028 demonstrari

199 2182 222 2233 3.
235 2181 422 2249 attitulandum,
434 2181 486 2232 wie
496 2181 521 2230 in
532 2182 578 2233 der
586 2181 672 2245 gleicb
759 2185 783 2232 4.
795 2197 846 2233 uno
858 2187 968 2251 temporo
978 2182 1062 2234 licisst
1072 2182 1235 2247 gewdlmlieb

164 2248 299 2315 folgenden
316 2252 458 2303 Redensart
474 2249 509 2301 ad
523 2267 616 2315 unum,
639 2249 674 2301 ad
726 2266 763 2301 zu
775 2251 936 2302 cinerund
949 2251 1119 2303 derselben
1131 2252 1234 2304 Zeit=

164 2336 244 2372 unum
261 2336 359 2371 umnec:
383 2320 423 2370 bis
446 2318 492 2370 aul
506 2319 548 2370 die
565 2317 669 2370 Knubeu
724 2335 775 2370 uno
794 2319 927 2386 eodemque
945 2325 1068 2389 turmore,-
1089 2336 1119 2373 es
1138 2321 1234 2373 kunnu

163 2391 251 2453 hereb,
263 2390 345 2440 selbst
357 2389 428 2440 diese
441 2389 511 2438 nieht
522 2404 671 2453 ausgenom-
724 2389 788 2440 auch
804 2389 906 2440 heissen
922 2405 959 2439 zu
975 2390 1066 2440 einer
1083 2390 1233 2454 einzisson

164 2474 229 2510 rnen.
266 2457 352 2520 Vergl.
371 2460 426 2508 sein
442 2473 589 2521 grausumes
606 2457 672 2509 Vcr·
724 2456 805 2509 Zeit.
830 2457 1234 2509 llicrbateslreinevonbeidcn

164 2524 252 2577 fabren
270 2543 291 2576 o.
306 2527 331 2590 8,
350 2526 373 2576 3.
390 2555 424 2563 -
440 2542 581 2593 magnoque
598 2543 672 2577 ocur.-
724 2526 916 2591 Bedcutnngen3
946 2543 974 2577 cs
996 2527 1080 2578 heisst
1107 2527 1234 2579 vielnebr

164 2595 247 2646 eineru
275 2610 394 2660 gromen,
423 2611 487 2659 ganz
514 2596 671 2647 besonderen
725 2595 840 2646 einmul
857 2618 874 2637 =
889 2595 1029 2661 adipumzdo.
1071 2595 1176 2647 Ebouso
1199 2596 1234 2645 ist

164 2663 259 2727 Zulull‚
275 2665 335 2713 dass
351 2665 397 2714 der
408 2663 482 2715 Briel
496 2666 590 2728 genade
607 2665 672 2715 noch
724 2680 792 2714 unua
807 2663 948 2727 gebraucht
968 2664 1010 2715 bei
1031 2662 1085 2715 Cic.
1104 2664 1135 2715 dc
1152 2680 1192 2715 or.
1211 2666 1233 2728 1,

163 2732 204 2783 bei
223 2732 269 2784 der
284 2731 393 2784 Abluhrt
410 2733 507 2783 aulam.
537 2734 625 2797 Vergl.
639 2750 671 2783 zu
724 2731 766 2796 29,
781 2733 840 2782 132:
856 2731 1007 2783 dedecoro
1022 2732 1233 2799 minimeeetsc·

164 2802 188 2851 B.
205 2799 235 2851 G.
248 2802 273 2864 6,
291 2802 331 2862 30,
345 2802 372 2851 2:
389 2817 484 2867 arrogas
500 2801 590 2853 occidit
601 2818 668 2852 eoem
724 2800 770 2850 cilo
783 2803 991 2869 praeciperetur
1005 2802 1072 2851 medii
1084 2801 1172 2865 modo,
1192 2803 1235 2867 qui

163 2899 196 2907 —
209 2873 328 2921 constitit:
344 2872 366 2931 1,
379 2870 420 2933 85,
434 2872 458 2920 3.
724 2872 789 2920 sieut
811 2885 879 2919 unus
905 2874 978 2937 pater
1000 2868 1126 2935 seruilius
1147 2872 1189 2921 bis
1204 2869 1233 2920 do

199 2934 251 2989 15.
274 2941 296 2989 1.
318 2954 397 3005 surpra
421 2938 555 2989 decronatr.
576 2942 620 3001 cst,
643 2954 670 2989 es
723 2939 798 2989 rodus
813 2937 906 3003 loquor,
924 2955 947 3005 p.
960 2938 1053 2989 Roscio
1067 2938 1135 2991 Cum.
1149 2942 1175 3005 5,
1192 2940 1231 2989 lb:

164 3008 264 3070 ergiebt
273 3008 329 3057 sich
339 3008 494 3071 wenigstens
505 3023 550 3056 aus
561 3024 582 3057 e.
595 3007 634 3056 14.
646 3006 670 3071 3,
724 3005 850 3057 aduocatio
868 3023 900 3057 ec
910 3012 954 3071 est,
968 3022 1043 3072 poam
1058 3013 1162 3075 propter
1176 3008 1231 3059 orcl-

163 3076 243 3126 sowic
262 3077 339 3125 sehon
357 3093 378 3125 e.
397 3077 422 3140 8,
440 3078 455 3125 4
468 3076 545 3139 noim,
566 3075 624 3124 dass
642 3091 671 3124 cr
722 3079 804 3125 mium
819 3074 974 3142 spbndorcm
989 3080 1018 3125 ut
1033 3075 1142 3127 mutem
1152 3090 1232 3127 cmm

164 3144 234 3193 nieht
242 3146 313 3195 mehr
325 3144 366 3194 bei
377 3144 491 3210 Corcyra
503 3147 534 3206 (e.
546 3144 570 3207 t,
584 3145 607 3207 l)
620 3143 669 3207 lag.
723 3146 805 3195 vereri
818 3144 962 3207 domamus,
980 3145 1012 3194 ad
1028 3143 1084 3196 Att.
1101 3146 1127 3210 9,
1146 3146 1186 3209 lo,
1203 3144 1231 3195 2:

163 3241 196 3249 —
205 3212 496 3279 Caesaremprodibebut:
509 3212 544 3261 Es
551 3211 586 3261 ist
593 3212 670 3264 leiebt
722 3229 810 3262 omens
820 3215 976 3279 areobisucbce
986 3213 1069 3263 videor
1079 3230 1097 3265 a
1104 3216 1232 3282 praccipio

163 3281 322 3345 begrcillieh‚
344 3282 394 3331 wic
411 3281 464 3331 dies
485 3298 516 3330 zu
534 3282 670 3332 verstehen
722 3284 978 3333 etmconodaceroc
991 3287 1096 3347 torquet,
1108 3282 1233 3349 puerinon

163 3350 210 3411 ist,
228 3350 260 3399 du
277 3349 357 3400 Cdsur
373 3350 455 3400 selbst
476 3350 573 3400 bercits
594 3351 670 3400 iiber-
723 3386 729 3399 .
742 3386 748 3399 .
761 3387 766 3399 .
780 3387 786 3400 .
799 3351 947 3418 Pompeium
958 3356 1089 3416 tamquam
1096 3367 1166 3402 ιιιιιιι
1178 3366 1232 3401 ma-

162 3426 263 3480 gcsetzt
279 3435 342 3469 war.
359 3447 392 3457 -
408 3422 479 3469 orrtm'
497 3424 565 3469 terra
580 3435 670 3470 corum
722 3418 850 3486 nipobru
862 3425 960 3470 recoctus
971 3421 1028 3469 sian
1056 3419 1185 3471 Aeliulicb
1197 3420 1233 3471 ist

163 3490 310 3552 ragennam:
340 3489 417 3539 ollem
448 3487 519 3538 Laud
545 3488 571 3538 in
591 3489 669 3554 jeneu
723 3489 786 3538 auch
800 3487 872 3539 Caes.
886 3488 911 3538 B.
928 3487 958 3539 G.
975 3488 999 3552 2,
1013 3489 1053 3551 25,
1070 3489 1099 3539 2:
1116 3494 1186 3540 cerdo
1202 3488 1233 3539 ab

164 3554 308 3619 Gcgcnden.
721 3560 866 3607 corbeianis
888 3560 936 3607 uni
960 3556 1037 3607 munt
1059 3556 1177 3609 wado.
1199 3586 1232 3595 —

196 3627 219 3675 3.
233 3626 297 3676 Erat
307 3642 349 3677 res
360 3629 387 3675 in
395 3642 492 3691 craugna
503 3625 549 3692 dis
542 3626 666 3690 siccitate.
722 3623 911 3692 diffieiliortbus
922 3628 966 3676 usi
975 3630 1025 3675 wm
1045 3663 1061 3690 .‚
1075 3642 1104 3677 su
1117 3628 1178 3677 duos
1193 3627 1233 3679 sio

162 3696 187 3745 S.
205 3696 231 3744 Β.
251 3693 280 3745 G.
302 3696 385 3760 ιιι,
404 3696 429 3744 1:
450 3699 548 3745 araim
566 3698 670 3760 irrugata
722 3693 781 3744 lein
809 3694 917 3746 Wasser
941 3710 992 3746 von
1018 3641 1134 3764 gorcyrn
1156 3696 1232 3747 holon

164 3764 281 3815 Caesarcb
289 3762 548 3831 difficultatidusrem
559 3764 630 3828 225,
643 3767 668 3814 l:
722 3762 841 3814 konnten.

161 3836 322 3883 eurestein
333 3836 441 3898 angusto
458 3831 532 3895 cidd;
549 3834 573 3897 l,
585 3834 627 3897 41,
640 3833 667 3883 2:
756 3831 780 3881 6.
801 3846 860 3881 cum
875 3836 962 3895 essent,
980 3834 1008 3881 in
1024 3833 1115 3897 quidne
1129 3832 1232 3885 darneio

163 3905 253 3965 quanto
271 3914 313 3951 rec
324 3904 350 3951 in
365 3899 477 3968 periculo
489 3902 577 3966 suerit
589 3916 668 3969 eupo-
722 3902 807 3963 croci,
818 3903 947 3967 unffmtiis
955 3900 979 3949 d.
989 3899 1007 3950 i.
1016 3903 1044 3951 iu
1052 3903 1232 3969 demolito,

163 3973 233 4018 nunt.
723 3982 787 4032 quas
803 3966 867 4018 deon.
891 3969 954 4018 oder
969 3968 1109 4034 riebtiger:
1129 3974 1158 4021 iac
1177 3970 1233 4037 qut·
