2572 4424
144 295 206 360 tol
539 290 812 349 onrnmocrvm

144 451 292 514 luxuriem
301 449 478 524 obiciebant,
491 450 540 513 cui
551 468 671 530 semper
681 448 781 510 omnia
792 449 828 511 ad
839 449 1140 511 necessariumusum
1154 451 1208 512 de-

105 544 120 594 3
141 537 279 599 fuissent.
315 536 486 616 Pompeius,
507 535 566 597 iam
582 554 650 598 cum
665 535 743 597 intra
759 535 867 596 uallum
883 535 980 596 nostri
1001 544 1204 609 versarentur,

141 727 173 770 se
189 726 225 768 er
240 707 342 768 castris
358 707 445 767 eiecit
464 707 664 787 protinusque
683 725 759 786 equo
780 706 867 767 citato
888 705 1022 768 Larisam
1039 706 1203 767 contendit.

103 813 120 862 4
141 793 245 872 Neque
265 793 306 853 ihi
321 793 463 866 constitit,
486 793 538 854 sad
559 793 662 852 eadem
684 791 833 852 celeritate
853 810 963 872 paucos
984 810 1056 852 suos
1077 812 1115 852 ex
1135 791 1205 870 fuga

70 871 76 879 “
140 877 592 940 nactusnocturnoitinercnon
605 877 1073 957 intermissocomitatuequitum
1085 877 1206 955 triginta

140 964 177 1025 ad
191 981 274 1024 mare
289 964 426 1043 pervenit
440 956 606 1042 n'avemque
625 962 850 1023 frumentariam
866 963 1041 1023 conscendit
1055 981 1155 1042 saepe,
1171 971 1205 1024 ut

141 1048 300 1120 dicebatur,
317 1066 448 1128 querens
463 1055 580 1109 tantum
592 1066 625 1108 se
637 1047 812 1127 opinionem
824 1047 975 1120 fefellisse,
991 1055 1034 1121 ut,
1050 1066 1067 1108 a
1079 1067 1139 1128 quo
1151 1065 1205 1126 ge-

140 1151 212 1195 nere
223 1133 380 1196 hominum
392 1134 544 1195 victoriam
557 1141 715 1213 sperasset,
727 1133 763 1194 ab
775 1152 812 1193 eo
822 1132 908 1195 initio
920 1134 1096 1212 fugae‘facto
1107 1151 1204 1213 paene

139 1219 278 1299 proditus
293 1219 454 1280 videretur.

226 1304 276 1364 97.
293 1305 400 1365 Caesar
406 1303 511 1365 castris
517 1302 631 1383 potitus
643 1322 659 1364 a
670 1302 816 1364 militibus
828 1303 992 1377 contendit,
1000 1320 1041 1364 ne
1051 1303 1084 1364 in
1095 1304 1205 1384 praeda

104 1409 118 1458 2
141 1389 276 1469 occupati
291 1390 399 1469 reliqui
413 1389 525 1468 negotii
539 1388 661 1467 gerendi
677 1389 846 1450 facultatem
863 1389 1055 1450 dimitterent.
1091 1391 1156 1462 Qua
1172 1407 1205 1450 re

70 1504 76 1509 „
140 1477 297 1556 impetrata
316 1484 452 1537 montem
476 1492 566 1555 opere
586 1474 816 1542 circummunire
842 1474 981 1536 instituit.
1016 1475 1205 1554 Pompeiani,

140 1563 221 1642 qnod
232 1561 258 1621 is
273 1577 361 1622 mons
377 1570 440 1622 erat
450 1561 516 1621 sine
527 1578 611 1639 aqua,
624 1559 714 1620 diffisi
727 1559 753 1619 ci
764 1560 829 1621 loco
841 1561 943 1621 relicto
955 1568 1060 1642 monte
1071 1560 1206 1621 universi

104 1669 119 1718 3
139 1647 216 1726 iugis
232 1646 297 1707 eius
308 1647 442 1708 Larisam
458 1664 563 1707 versus
580 1663 612 1706 se
627 1645 760 1724 recipere
771 1653 947 1726 coeperunt.
979 1647 1090 1718 Quare
1105 1645 1206 1707 enim-

128 1734 263 1795 .adversa
278 1733 384 1793 Caesar
399 1732 499 1812 copias
512 1748 580 1792 suas
595 1730 694 1791 divisit
705 1738 883 1812 partemque
893 1731 1045 1810 legionum
1056 1730 1089 1791 in
1100 1731 1206 1792 castris

140 1817 264 1898 Pompei
279 1835 436 1879 remanere
447 1818 542 1890 iussit,
557 1824 675 1895 partem
688 1815 720 1875 in
736 1834 790 1877 sue
806 1826 903 1878 castra
917 1817 1041 1890 remisit,
1064 1825 1207 1897 quattuor

140 1922 243 1964 secum
256 1903 388 1982 legiones
397 1904 488 1976 ‚duxit
499 1902 762 1980 commodioreque
777 1901 884 1965 itinere
897 1902 1087 1983 Pompeianis
1099 1920 1207 1964 occur-

101 2010 119 2060 4
140 2007 206 2049 rere
222 1988 320 2068 coepit
335 1996 365 2048 et
380 2007 556 2069 progressus
572 1986 651 2047 milia
663 2005 807 2066 passuum
819 2006 847 2048 vr
859 1989 951 2050 aciem
966 1988 1119 2049 instruxit.
1141 1989 1206 2062 Qua

138 2092 172 2134 re
184 2073 388 2134 animadversa
395 2073 570 2153 Pompeiani
581 2072 613 2132 in
626 2073 755 2152 quodam
767 2082 870 2134 monte
882 2074 1090 2135 constiterunt
1117 2074 1207 2135 Hunc

138 2212 225 2262 dieser
233 2209 357 2263 Vorwurf
366 2211 412 2260 der
423 2209 598 2261 Aristulrratie
611 2211 645 2260 im
698 2205 779 2276 γικὴν
795 2209 913 2277 ἐσθῆτα,
935 2207 1070 2279 φεύγοντι
1087 2209 1119 2262 δὲ
1137 2213 1206 2282 πρέ·

138 2280 222 2344 Luger
235 2280 279 2330 des
289 2278 423 2346 Pompeius
435 2276 481 2328 auf
493 2279 539 2328 das
548 2277 645 2329 freiere
698 2293 810 2330 πουσαν
821 2279 984 2347 μεταλαβών
995 2273 1163 2344 ὑπεξῆλθεν.

140 2347 274 2399 Gebaliren
290 2349 342 2397 und
359 2349 407 2397 den
420 2348 542 2397 llusscren
555 2345 645 2411 Glenz,
733 2347 757 2397 4.
771 2362 867 2415 pacm
882 2362 955 2398 suos:
974 2348 996 2412 l,
1016 2348 1057 2412 19,
1074 2349 1126 2398 2ο.
1142 2351 1165 2398 ὃ.
1180 2349 1207 2400 S:

139 2417 187 2465 den
199 2430 229 2466 er
240 2415 546 2480 seinenltentengdnnte,
558 2431 590 2464 zu
601 2430 645 2478 ge·
697 2431 730 2464 zu
745 2415 772 2464 B.
786 2414 815 2467 G.
830 2416 852 2480 1,
866 2416 906 2479 52,
924 2417 947 2466 5.
962 2443 997 2452 -
1012 2415 1049 2466 ed
1061 2431 1207 2484 manoper-

73 2509 84 2526 ιγ
139 2484 195 2548 lien,
214 2498 306 2535 wovon
318 2484 389 2534 Suet.
403 2483 474 2534 Caes.
488 2484 520 2534 61
534 2484 644 2550 spricht:
697 2485 772 2534 void.
793 2483 841 2533 Die
854 2482 929 2534 [leisc
941 2484 985 2534 des
998 2482 1134 2552 Pompeius
1148 2501 1208 2536 aus·

72 2554 80 2562 “
138 2556 179 2604 Ac
199 2567 379 2618 nomeurrqucm
392 2557 446 2618 post
461 2567 586 2617 ntegrum
595 2568 645 2620 pu·
697 2551 808 2602 liihrlicli
817 2552 975 2616 geschildert
986 2552 1028 2603 bei
1040 2550 1109 2604 Plut.
1120 2553 1206 2621 Pomp.

135 2637 217 2689 gnam
234 2625 308 2687 etque
322 2623 461 2685 victoriam,
479 2623 587 2671 nomeu
602 2621 644 2686 of·
698 2620 739 2670 73.

135 2691 259 2756 fictorum
272 2704 383 2751 euenere,
401 2689 529 2738 licentiam
545 2703 644 2738 omnem
731 2678 785 2740 97.
800 2689 823 2739 1.
840 2687 974 2739 cmmoda:
986 2689 1122 2754 verluugte
1135 2689 1207 2741 drin-

135 2762 234 2826 pasee'm
251 2757 396 2809 manendi
407 2758 583 2825 pennescant,
605 2759 644 2806 ia·
698 2757 769 2821 gend.
799 2756 853 2807 Cio.
870 2758 902 2808 ad
918 2756 987 2807 Fam.
1009 2758 1049 2823 13,
1065 2759 1091 2822 9,
1108 2759 1137 2808 3:
1156 2773 1206 2809 uon

138 2832 205 2878 ctare
216 2827 309 2891 celitus,
327 2827 422 2877 milites
432 2840 493 2876 euos
506 2828 585 2886 etiam
597 2841 645 2876 un·
697 2829 752 2875 erat
774 2840 862 2888 causa,
884 2840 931 2875 cur
949 2841 966 2875 a
988 2829 1013 2876 te
1033 2827 1080 2876 ltoe
1099 2831 1208 2895 tempore

135 2900 269 2961 geontatos
295 2898 355 2946 bena
377 2909 496 2963 pergame
517 2909 589 2963 posse
611 2920 645 2930 —-
697 2892 794 2958 aliquid
826 2892 1005 2945 contenderet.
1046 2910 1094 2961 pro
1117 2894 1206 2960 Quint.

139 2964 289 3029 habebatque
309 2968 362 3013 tum
380 2965 466 3026 cultoq
491 2967 522 3013 ut
539 2967 645 3029 argemo
697 2962 739 3024 24,
764 2963 812 3011 li:
836 2977 914 3027 quum
937 2978 954 3011 u
975 2978 1016 3012 nte
1034 2968 1163 3033 peteret
1184 2967 1208 3013 et

138 3031 334 3099 etmcrcpole‘tt's
348 3032 429 3081 oeme'e
440 3029 647 3105 mretricem
697 3044 797 3080 memma
829 3029 1042 3082 contenderet.
1074 3058 1109 3069 -
1134 3034 1208 3151 Ἢ

138 3103 163 3148 ct
174 3098 210 3148 ad
225 3101 337 3166 paoem,
354 3104 378 3148 et
394 3115 441 3164 quo
457 3101 592 3149 tenadmes
605 3114 645 3150 eo—
697 3101 765 3148 ec'stsr
778 3098 805 3148 S.
816 3099 890 3163 1,’10,
903 3101 932 3162 4;
945 3100 987 3164 to,
1000 3101 1021 3150 1.
1035 3098 1145 3151 Aufden

138 3182 198 3217 rum
212 3169 240 3216 in
254 3165 350 3233 proelio
366 3171 450 3216 esent
464 3171 532 3216 mut
548 3166 642 3216 damet
697 3168 795 3230 bingen
813 3167 897 3217 dieses
918 3167 1013 3233 Bergae
1030 3182 1110 3233 rogen
1123 3168 1206 3219 sicel

174 3235 198 3284 3.
219 3237 273 3284 tum
295 3249 352 3284 cum
366 3237 437 3284 entra
454 3233 547 3284 cadem
566 3237 648 3285 norm
697 3234 921 3302 neehLarissazn.
945 3235 1092 3300 Vergitlv.
1106 3237 1168 3288 Met.
1181 3238 1207 3302 4,

138 3305 310 3354 versarentur.
329 3301 392 3369 App.
403 3303 427 3366 2,
438 3300 553 3353 81.Plut.
560 3301 644 3369 Pomp.
698 3303 945 3367 dddzouantresemt,
951 3305 1205 3370 omnesaetmdllaee

140 3373 183 3423 721.
207 3371 279 3421 Caes.
304 3371 349 3421 45:
377 3365 529 3439 ἄφθογγος
557 3366 644 3437 ᾤχετο
697 3374 750 3421 tam
776 3373 858 3434 ,tarta
889 3388 1034 3438 comaeque·
1064 3373 1097 3423 In
1130 3374 1207 3435 deae

140 3436 233 3491 ἀπιών
249 3438 297 3491 ἐπὶ
312 3437 362 3504 τὴν
378 3435 482 3504 σκηνὴν
491 3437 543 3489 -ecl
559 3443 645 3491 uode·
698 3441 805 3500 αὺσιηιίῑ
826 3443 890 3508 iuga
905 3445 967 3491 comt
982 3442 1132 3508 humerique
1150 3444 1206 3492 ma·

141 3504 264 3588 ζόμενοςι
283 3504 447 3575 ἐκαραδόκει
474 3503 506 3557 τὸ
533 3507 645 3575 μέλλον,
698 3523 809 3573 neopum
823 3506 1206 3576 Quodcopcloettefutt,mm

140 3572 208 3645 ἄχρι
229 3594 263 3627 ου
285 3575 393 3648 τροπῆς
412 3570 547 3626 ἀράντων
565 3591 646 3643 ysvo·
697 3579 864 3628 esttnmonte
876 3592 1002 3628 maumam
1021 3577 1055 3628 So
1068 3580 1205 3644 gelcngton

140 3647 225 3713 μένης
241 3642 391 3709 ἐπέβαινον
406 3643 435 3693 οἱ
450 3643 584 3710 πολέμιοι
595 3643 645 3694 τοῦ
698 3643 736 3695 sie
766 3647 829 3695 ohne
850 3646 892 3697 die
909 3645 997 3698 lldlren
1012 3662 1045 3696 zu
1064 3648 1206 3711 verlassen,

137 3707 270 3792 χάρᾳκος.
300 3712 370 3764 Τότε
387 3709 417 3762 δὲ
440 3706 530 3794 ὥςπερ
553 3708 646 3768 ἔννους
699 3681 1134 3781 uuieinenandernller531.§4.

140 3794 291 3849 recuperor
311 3778 357 3831 uel
369 3778 475 3844 ταύτην
490 3794 589 3848 perpe,
609 3773 647 3836 ὥς
732 3781 756 3830 3.
764 3783 1058 3848 partemquclogmm
1073 3782 1207 3836 tumltu-

141 3861 228 3965 paor,
237 3844 335 3916 φωνὴῑ
350 3843 455 3938 ἀφείς,
465 3843 584 3929 ‘deorip
600 3847 646 3899 uel
699 3862 728 3899 se
738 3847 820 3929 Stelle
831 3851 909 3915 zeigt,
920 3851 980 3902 dtss
993 3851 1073 3903 Cim
1085 3842 1101 3904 8
1112 3844 1206 3919 logio-

157 3916 189 3965 nl
200 3931 251 3980 την
265 3916 445 3984 παρεμβολην
459 3933 467 3975 ,·
481 3912 643 3966 cardoneto
698 3925 746 3967 nen
756 3917 1131 3984 mterSolleehtgehabtheu
1140 3920 1206 3971 den·

139 3979 193 4049 μὲν
212 3976 263 4048 τὴν
282 3979 436 4050 freyolreor
456 3982 503 4032 eol
528 3993 643 4051 cepasq-
696 3984 912 4037 walemheinllelr
926 3987 1019 4038 thellte
1037 3987 1118 4040 Cim
1133 3989 1206 4039 seins
