2572 4424
165 303 228 366 tta
561 291 836 348 nnrnmocrvnr

128 475 142 523 2
164 467 255 530 ccret,
271 454 394 534 Pompei
406 452 565 515 consiHum
577 451 704 513 summis
719 449 853 511 laudibus
865 450 994 525 efferret,
1010 450 1107 523 ‘Noli’,
1122 451 1230 531 inquit,

165 543 351 613 ‘existimare
371 538 503 616 Pompei,
519 538 600 598 hunc
618 555 683 597 esse
699 534 878 609 exercitum,
900 537 952 616 qui
967 536 1088 598 Galliam
1105 537 1230 598 Germa·

167 629 307 706 uiamque
322 625 470 686 devicerit.
502 621 649 683 Omnibus
665 620 786 682 interlui
801 621 920 700 proeliis
935 640 1035 702 neque
1050 629 1165 684 temere
1180 622 1231 682 in-

130 729 145 778 3
168 708 564 794 cognitamrempronuntio.
587 706 909 785 Perexiguaparsillius
922 707 1232 787 exercitussuperest3

165 815 271 876 magna
282 815 350 875 pars
362 794 497 873 deperiit,
510 793 591 872 quod
601 792 733 856 accidere
744 799 791 852 tot
802 793 924 871 proeliis
936 792 994 855 fuit
1005 811 1139 866 necesse,
1152 794 1233 854 mul-

165 892 213 944 tos
228 882 366 944 autumni
380 879 550 959 pestilentia
571 879 602 939 iu
619 877 699 941 ltalia
713 878 909 957 consumpsit,
930 878 1016 939 multi
1031 879 1157 939 domum
1169 879 1233 940 dis-

130 984 147 1033 t
167 974 330 1038 cesserunt,
343 966 428 1026 multi
440 972 511 1024 sam
521 964 615 1024 relicti
628 963 846 1024 incontinenti.
868 964 914 1024 hn
926 980 989 1023 non
1000 962 1125 1024 audistis
1138 983 1175 1024 ex
1182 964 1231 1036 iis,

166 1053 217 1132 qui
231 1071 284 1132 per
298 1069 416 1112 causam
432 1049 608 1111 valetudinis
620 1056 839 1120 remanserunt,
854 1050 993 1110 cohortes
1008 1067 1074 1110 esse
1090 1049 1231 1110 Brundisi

131 1155 145 1203 5
166 1133 281 1200 factas?
312 1135 373 1197 Hae
389 1135 498 1214 copiae,
511 1153 585 1213 quas
601 1136 716 1207 videtis,
732 1154 769 1194 ex
783 1134 945 1196 delectihus
957 1136 1065 1196 horum
1081 1152 1232 1196 annorum

166 1223 199 1285 in
206 1222 342 1284 citeriore
349 1220 438 1282 Galba
449 1228 521 1281 sunt
526 1220 664 1293 refectae,
677 1226 707 1282 et
718 1220 853 1298 plerique
859 1227 930 1280 sunt
941 1239 977 1280 ex
989 1220 1115 1282 coloniis
1121 1219 1233 1279 Trans-

168 1308 298 1386 padanis.
335 1308 376 1366 dc
396 1313 496 1366 minen
516 1306 595 1382 quod
616 1306 673 1367 fuit
693 1303 809 1365 roboris
830 1304 946 1365 duobus
967 1304 1085 1384 proeliis
1102 1305 1233 1385 Dyrrha-

132 1407 147 1456 6
169 1393 263 1453 chinis
279 1391 409 1452 interiit’.
444 1390 525 1451 Haec
539 1409 607 1450 cum
629 1391 764 1464 dixisset,
786 1389 892 1450 iuravit
907 1409 940 1451 se
961 1390 1020 1451 nisi
1041 1389 1185 1452 victorem
1201 1391 1232 1452 in

168 1485 261 1538 castra
276 1493 338 1536 non
353 1493 544 1537 reversurum
565 1475 764 1556 rebquosque,
786 1482 821 1534 ut
836 1474 917 1536 idem
929 1475 1074 1547 lacerent,
1095 1476 1232 1538 hortatus

168 1570 223 1623 est.
259 1561 323 1621 Hoc
336 1561 458 1622 laudans
475 1560 635 1638 Pompeius
656 1561 735 1621 idem
756 1559 875 1629 iuravit3
896 1578 953 1622 nce
972 1579 1042 1621 vero
1059 1581 1097 1622 ex
1109 1561 1233 1640 reliquis

133 1665 147 1713 t
169 1647 226 1708 luit
237 1647 405 1726 quisquam,
418 1646 469 1724 qui
481 1645 578 1706 iurare
590 1646 746 1707 dubitaret
771 1644 850 1706 llaec
861 1664 930 1707 cum
942 1646 1018 1707 facta
1030 1654 1104 1707 sunt
1115 1647 1148 1706 in
1161 1664 1234 1707 con-

169 1731 244 1804 silio,
261 1749 366 1810 magna
380 1750 434 1810 spe
449 1739 480 1791 et
490 1730 601 1792 laetitia
613 1732 748 1792 omnium
760 1729 927 1792 discessum
940 1739 1002 1805 est,
1017 1750 1050 1793 ac
1060 1731 1120 1792 iam
1132 1732 1233 1793 animo

168 1816 321 1878 victoriam
336 1815 565 1895 praecipiebant,
582 1818 662 1898 quod
679 1816 715 1877 de
730 1834 763 1876 re
779 1823 859 1876 tanta
874 1824 904 1876 et
918 1836 935 1878 a
950 1825 1011 1878 tam
1025 1816 1122 1896 perito
1137 1817 1235 1898 impe-

169 1909 267 1962 ratore
283 1901 356 1962 nihil
372 1902 482 1963 frustra
497 1902 666 1963 confirmari
682 1901 845 1963 videbatur.
872 1958 875 1962 ,

255 1985 304 2047 88.
332 1987 446 2060 Caesar,
469 2005 537 2047 cum
554 1986 794 2066 Pompeicastris
809 1987 1087 2067 appropinquasset,
1100 1987 1138 2048 ad
1153 1989 1235 2050 hunc

170 2072 293 2131 modum
299 2071 391 2132 aciem
401 2072 466 2132 eius
478 2073 653 2133 instructam
665 2073 800 2133 animum
808 2072 943 2134 advertit.
965 2071 1059 2133 Erant
1070 2073 1103 2133 in
1110 2072 1234 2134 sinistro

170 2174 263 2217 cornu
278 2157 411 2235 legiones
427 2157 502 2217 duae
516 2157 640 2218 traditae
653 2177 670 2218 a
682 2158 805 2219 Caesare
820 2156 905 2217 initio
918 2157 1117 2220 dissensionis
1132 2177 1170 2218 en
1186 2178 1235 2220 se-

170 2241 413 2315 natusconsultm
429 2259 555 2321 quarum
567 2259 627 2303 una
639 2242 744 2322 prima,
760 2243 851 2303 altera
862 2243 950 2305 tertia
965 2243 1177 2322 appellabatur.
1200 2244 1234 2304 In

170 2327 276 2386 eoloco
289 2326 354 2405 ipse
367 2334 429 2387 erat
440 2326 609 2405 Pompeius.
636 2327 762 2388 Mediam
774 2327 865 2388 aciem
879 2328 978 2406 Scipio
986 2346 1054 2389 cum
1066 2328 1234 2407 legionibus

133 2419 148 2468 2
173 2410 299 2490 Syriacis
315 2411 442 2471 tenebat.
473 2411 636 2473 Ciliciensis
652 2413 727 2491 legio
739 2413 896 2474 coniuncta
911 2433 979 2475 cum
995 2412 1170 2475 cohortibus
1183 2414 1236 2474 Hi-

168 2495 283 2574 spanis,
311 2514 384 2575 quas
402 2497 551 2558 traductas
568 2497 603 2558 ab
620 2498 740 2559 Afranio
762 2496 932 2572 docuimus,
960 2499 991 2559 in
1012 2499 1117 2560 dextm
1140 2518 1236 2561 cornu

203 2685 227 2736 3.
239 2685 673 2754 autumnipoatilentio-comump·
727 2687 818 2736 einmal
840 2688 886 2738 der
909 2687 987 2739 Nemo
1007 2687 1146 2742 Pharsalus
1170 2690 1245 2741 wird-

170 2756 213 2804 sa.
238 2754 263 2805 S.
276 2770 298 2804 o.
311 2754 335 2818 2,
348 2753 372 2804 3.
726 2763 843 2820 genennt.
868 2755 977 2806 ‘Gisar’s
990 2755 1143 2808 Schlachtcn
1154 2757 1234 2809 haben

202 2823 228 2871 4.
245 2837 290 2888 per
306 2838 410 2873 causam
425 2821 579 2872 valetudinis.
609 2823 634 2874 S.
651 2839 672 2873 c.
727 2823 800 2874 keinc
825 2821 929 2875 Namen'
958 2823 1097 2891 Napoleon.
1137 2826 1163 2876 S.
1191 2826 1234 2877 dea

169 2890 212 2952 24,
227 2891 250 2940 1:
265 2905 311 2939 ans
324 2891 413 2955 denen,
426 2891 468 2940 die
478 2890 612 2954 angoblich
621 2906 673 2941 we·
727 2892 862 2957 geograph.
876 2891 994 2956 Resister
1003 2892 1234 2945 unterPharaelae

169 2972 217 3018 gen
230 2954 673 3022 lirankheitzuriiolrgebliehenwa-
725 2988 759 2998 -
781 2959 895 3024 legiones
914 2959 980 3010 duae
1000 2960 1114 3012 traditae
1133 2977 1151 3011 a
1173 2961 1235 3012 Coe·

169 3040 231 3085 ren,
247 3025 359 3076 >worden
382 3041 461 3088 ganzo
484 3025 610 3076 Cohorten
630 3042 674 3090 ge·
728 3043 794 3078 aare.
818 3029 844 3078 S.
861 3028 883 3092 1,
896 3028 921 3090 2,
934 3029 958 3078 3.
970 3027 1036 3078 Einl.
1049 3045 1073 3095 p.
1094 3031 1134 3080 10.
1154 3056 1188 3067 ·—
1204 3030 1236 3081 In

170 3091 259 3140 bildct.
698 3131 699 3135 ,
726 3111 756 3146 eo
772 3096 825 3146 loco
841 3099 897 3161 ipse
911 3098 1130 3162 erotPompee'ua.
1156 3097 1237 3150 Unter

207 3161 230 3208 5.
250 3159 341 3209 borum
361 3175 497 3211 annorum:
517 3162 563 3211 dor
583 3161 673 3212 beiden
727 3165 777 3214 ihm
791 3164 1029 3215 connandirtcden
1044 3165 1135 3216 buhen
1147 3165 1237 3230 Fliigel

171 3229 268 3279 letzton
294 3228 379 3279 lehre.
400 3255 433 3264 —
454 3245 484 3278 co
504 3233 601 3278 wacena
625 3231 674 3279 und
727 3232 852 3283 Domitius
863 3231 1055 3284 Ahenobarbus.
1084 3233 1151 3286 Plnt.
1165 3233 1236 3286 Gaea.

171 3296 358 3345 hittecrauch
376 3297 419 3360 (iau
431 3294 674 3359 Geganiatzzuder
727 3301 769 3351 44.
781 3299 845 3366 App.
858 3300 882 3362 2,
895 3301 935 3351 76.
988 3343 991 3348 .

171 3362 392 3426 vorhergehenden
419 3365 587 3430 Bemorlrung,
616 3366 674 3416 desa

90 3432 95 3442 '
171 3432 211 3481 dio
224 3429 460 3498 Truppenzumeist
475 3449 524 3484 nen
539 3434 673 3498 geworben
762 3435 786 3484 2.
816 3434 956 3486 Ciliciensis
975 3436 1056 3502 logio:
1076 3453 1099 3487 c.
1118 3439 1189 3503 4,·1.
1204 3469 1236 3478 -

171 3499 674 3569 seienlnocholtelierntruppengehabt,
728 3518 793 3568 quor
810 3503 942 3554 badtmtoc
957 3505 990 3554 ab
1011 3505 1130 3570 Afrcaaio
1150 3507 1237 3559 docci-

172 3568 229 3617 sind
240 3567 309 3617 diese
322 3569 385 3618 doch
397 3570 438 3620 bei
448 3571 632 3636 Dyrrhachium
644 3587 676 3620 zu
729 3587 795 3621 nuta.
805 3570 1236 3628 Diednliunftderhiranianitcban

173 3632 276 3685 Grande
287 3651 423 3701 gegingen.
447 3637 530 3690 Ueher
544 3655 575 3688 ao
590 3643 676 3688 taowo
731 3639 858 3689 Cohortan
878 3640 944 3690 wird
968 3641 1091 3706 ungenda
1113 3645 1234 3695 erw'a’hnt

173 3716 193 3751 a.
207 3718 239 3751 zu
250 3718 271 3750 c.
286 3703 326 3767 at,
339 3704 363 3754 3.
730 3706 951 3760 Wahrscheinlioh
963 3709 997 3759 ist
1009 3725 1037 3760 aa
1053 3712 1196 3774 goochehen
1212 3713 1236 3762 in

208 3759 261 3821 88.
282 3771 303 3820 t.
320 3771 366 3820 no
384 3771 501 3822 sentient
516 3773 557 3821 ner
569 3771 677 3823 Pansa·
729 3774 923 3833 domnionem
934 3777 1125 3839 ammianum
1136 3780 1235 3832 sacia.

173 3836 214 3885 las
224 3837 362 3902 amdang.
376 3838 456 3890 Ciisar
468 3840 538 3901 gicht
549 3839 676 3890 hainonii·
730 3841 754 3892 S.
767 3840 911 3910 Nipperdey
924 3860 949 3910 p.
965 3844 1020 3895 161.
1043 3871 1078 3884 -
1098 3849 1127 3898 in
1143 3847 1235 3900 dentre

174 3903 675 3969 beren,zuchstimmungdesSchlacht·
729 3923 817 3972 cornu,
838 3924 879 3960 wo
902 3911 1025 3965 Lautulm
1048 3907 1235 3968 conmandirte.

175 3966 239 4020 lclds
252 3971 388 4024 dienenden
399 3973 593 4041 Andautunyam
607 3975 676 4025 nicht
729 3975 791 4044 App.
802 3977 830 4042 2,
841 3977 883 4028 16.
