2572 4424
550 246 676 300 rerer.
1098 252 1139 314 67

68 403 146 467 ferri
161 420 267 482 passus
275 400 382 465 esset?
398 402 424 464 si
440 400 602 483 probasset,
618 422 672 465 cur
687 423 718 465 se
733 404 777 466 uti
794 404 895 483 populi
910 402 1053 467 beneficio
1069 424 1141 485 pro-

65 485 242 552 hibuisset?
257 488 431 551 Patientiam
447 488 587 569 proponit
602 508 695 564 suam,
712 509 780 552 cum
792 491 828 552 de
843 489 1021 553 exercitibus
1037 491 1141 554 dimit·
1161 499 1176 548 4

65 576 169 639 tendis
179 576 259 638 ultro
270 574 492 656 postulavisset3
507 575 539 638 in
552 593 611 655 quo
624 575 767 638 iacturam
779 576 932 655 dignitatis
943 583 1031 656 atque
1044 577 1140 639 hono·

66 662 112 724 ris
124 661 331 741 ipsetacturus
345 668 432 722 esset.
460 660 655 723 Acerbitatem
673 660 861 725 inimicorum
879 662 972 735 docet,
984 663 1045 742 qui,
1059 665 1138 743 quod
1160 674 1174 722 5

66 748 107 811 ab
127 748 219 811 altero
239 748 438 827 postularent,
460 747 490 809 in
512 767 544 809 se
558 756 729 810 recusarent
744 756 832 829 atque
847 747 948 810 omnia
968 749 1139 828 permisceri

67 834 200 906 mallent,
216 852 306 912 quam
320 831 477 912 imperium
488 832 692 914 exercitusque
705 833 858 895 dimittere.
887 833 1028 896 Iniuriam
1039 834 1070 896 in
1083 834 1141 896 eri·
1162 845 1178 895 6

66 918 185 1000 mendis
206 918 369 999 legionibus
384 919 545 998 praedicat,
561 919 765 982 crudelitatem
784 927 813 980 et
828 919 1016 981 insolentiam
1037 920 1068 982 in
1083 920 1141 981 cir-

66 1004 303 1067 cumscribendis
324 1004 451 1067 tribunis
471 1004 580 1085 plebis;
606 1005 794 1068 condiciones
814 1026 831 1068 a
852 1025 883 1067 se
905 1006 993 1079 latas,
1015 1005 1141 1086 expetita

66 1090 214 1172 colloquia
233 1097 264 1153 et
278 1090 419 1171 denegata
433 1100 653 1155 commemorat.
685 1092 743 1154 Pro
764 1091 872 1172 quibus
894 1091 983 1155 rebus
1003 1093 1140 1155 hortatur
1161 1105 1175 1153 7

66 1197 102 1241 ao
115 1178 261 1259 postulat,
277 1184 311 1238 ut
333 1195 397 1238 rem
412 1177 560 1256 publicam
575 1178 737 1259 suscipiant
752 1185 839 1258 atque
854 1196 914 1241 una
929 1197 1030 1240 secum
1045 1178 1140 1242 admi-

66 1262 207 1326 nistrent.
242 1263 296 1325 Sin
316 1262 424 1325 timore
444 1262 608 1343 defugiant,
629 1264 686 1326 illis
708 1285 739 1327 se
761 1264 844 1326 oneri
865 1283 927 1327 non
946 1265 1082 1327 futurum
1109 1272 1138 1326 et

66 1367 122 1430 per
136 1369 170 1413 se
184 1344 397 1429 rempublicam
412 1348 695 1412 administraturum.
726 1350 850 1431 Legatos
865 1351 901 1413 ad
912 1350 1088 1431 Pompeium
1103 1351 1139 1413 de
1160 1364 1175 1414 8

66 1434 284 1515 compositione
311 1433 388 1496 mitti
414 1442 566 1514 oportere,
592 1454 689 1516 neque
710 1457 742 1499 se
767 1435 974 1510 reformidare,
1001 1437 1081 1517 quod
1108 1436 1139 1498 in

66 1530 175 1583 senatu
188 1520 348 1601 Pompeius
363 1523 450 1600 paulo
467 1530 535 1583 ante
552 1520 681 1595 dixisset,
698 1524 735 1584 ad
751 1540 826 1602 quos
841 1521 925 1602 legati
940 1522 1136 1593 mitterentur,

65 1606 114 1669 bis
133 1606 338 1670 auctoritatem
358 1606 478 1669 attribui
497 1606 694 1687 timoremque
709 1627 828 1682 eorum,
845 1607 895 1688 qui
918 1607 1078 1681 mitterent,
1096 1609 1136 1670 si-

66 1762 120 1813 Cic.
130 1764 162 1814 de
172 1762 232 1845 Leg.
242 1763 267 1845 ξ,
280 1763 319 1829 48,
329 1764 362 1844 iil
372 1764 497 1858 nenntdep
509 1762 572 1813 Cato
664 1763 689 1814 t.
707 1763 736 1814 de
747 1765 898 1815 coeredibus
915 1763 976 1814 dira.
990 1764 1140 1844 postulavis-

64 1830 578 1953 tttttldtlttlltttltt
630 1836 684 1952 tl.
697 1831 1140 1966 ll‘ltllltttttltltltttl

64 1968 189 2021 Ablative
200 1969 335 2020 innerbulb
353 1971 399 2020 der
410 1968 520 2019 ablativi
532 1968 577 2019 ab·
630 1970 655 2020 S.
668 1986 701 2019 zu
712 1986 734 2021 e.
748 1970 789 2034 22,
802 1970 826 2020 c.

64 2038 145 2089 soluti
158 2038 240 2103 vergi.
252 2038 279 2089 B.
294 2037 324 2089 G.
337 2038 361 2102 3,
374 2038 416 2102 29,
429 2038 458 2089 2:
469 2036 577 2087 incredi-
664 2040 687 2088 5.
707 2041 734 2088 ia
746 2055 786 2087 ee:
798 2037 841 2089 bei
850 2037 913 2102 sich,
925 2054 1000 2088 weun
1011 2055 1037 2089 es
1048 2040 1086 2089 sie
1097 2040 1140 2090 be-

64 2107 110 2157 titt
131 2106 255 2159 mate
276 2121 372 2173 ruugm
390 2109 472 2175 spatio
488 2108 577 2174 pande
629 2106 799 2171 bisuntii,
821 2109 864 2157 ro:
882 2109 1139 2175 iuncone-per·

63 2175 153 2227 Mus
168 2177 291 2242 cresseio,
312 2177 338 2241 4,
355 2176 381 2240 4,
399 2178 427 2227 5:
445 2177 516 2225 muni
531 2176 577 2225 doc
628 2178 744 2226 orisceri:
766 2175 792 2226 in
812 2175 983 2240 Verwirruug
1007 2178 1138 2240 geratben,

63 2246 154 2295 itinere
168 2260 223 2295 aaa
238 2249 308 2295 uode
328 2247 439 2309 egmtatu
455 2244 580 2309 consecto„
629 2245 724 2295 driiber
741 2245 791 2294 und
808 2245 914 2295 drunter
931 2246 1020 2309 geben,
1036 2261 1140 2311 passeo-

62 2340 97 2351 -
107 2328 156 2364 eur
170 2340 205 2351 -
220 2329 314 2381 pacm
330 2317 395 2363 esset
410 2314 461 2363 und
479 2328 524 2363 cur
541 2340 575 2349 -—
629 2314 675 2364 der
691 2314 730 2363 nis
745 2316 902 2380 pontateco-e,
922 2314 983 2364 weil
997 2314 1055 2363 hier
1068 2315 1139 2364 nicht

60 2383 236 2450 prodrbm‘sret.
260 2382 286 2431 ln
296 2381 395 2446 Fragen
407 2382 435 2432 in
447 2383 493 2431 der
503 2381 574 2431 Orat.
628 2383 685 2432 blos
697 2382 739 2432 die
751 2384 850 2432 trebirici
866 2383 906 2433 als
918 2382 1023 2448 Subject
1036 2399 1067 2432 zu
1079 2383 1139 2434 den-

63 2449 177 2517 obliqm,
186 2466 227 2500 wo
237 2450 263 2501 in
273 2450 486 2502 derdiracteudie
495 2449 575 2500 dritte
628 2451 677 2501 ken
689 2451 756 2515 siud,
769 2452 820 2502 wie
833 2451 875 2501 bei
887 2450 1017 2501 (diuidere.

63 2520 138 2584 (oder
155 2521 236 2583 erute)
254 2519 350 2570 Person
374 2520 463 2570 steben
486 2518 574 2568 wiirde
663 2520 686 2569 6.
717 2518 961 2569 circumcidendis:
989 2519 1138 2570 ‘Bescbriiu-

64 2589 121 2651 (ων
137 2602 233 2655 passus
247 2588 293 2651 eet)
318 2588 355 2639 ist
377 2588 423 2638 der
439 2586 531 2637 Aecus.
553 2603 574 2637 e.
628 2587 713 2651 kuug’,
725 2588 775 2638 wie
785 2589 876 2638 Cicero
886 2604 936 2639 von
947 2587 1081 2638 desselben
1092 2588 1138 2637 Su-

63 2654 108 2707 lut.
122 2657 327 2721 gewdbnlieber,
340 2656 379 2706 als
392 2658 438 2706 der
450 2655 575 2706 Coniunc-
628 2657 674 2706 che
687 2656 752 2706 Phil.
766 2657 789 2720 2,
801 2655 818 2721 ξ
830 2657 862 2705 56
875 2663 945 2719 sugt:
962 2658 1014 2704 niet
1024 2655 1091 2720 quod
1101 2659 1139 2705 ira-

62 2725 118 2790 tiv;
137 2740 160 2776 s.
171 2724 199 2777 Β.
212 2722 246 2776 G:
265 2726 286 2790 l,
304 2725 344 2788 14,
356 2725 385 2774 3:
402 2741 466 2775 rrum
481 2752 515 2761 ·—
532 2722 575 2773 do·
627 2725 741 2774 terceesio
758 2724 881 2789 neglecta,
903 2727 1106 2791 cucurnscriptus
1123 2741 1139 2773 a

109 2796 262 2863 mposee?
290 2794 314 2857 5,
333 2793 375 2858 28,
393 2794 423 2844 6:
447 2792 508 2858 quid
521 2809 575 2843 esec
628 2797 716 2843 senatu
727 2797 790 2842 esset
800 2794 946 2855 Auctoratus),
964 2792 1006 2842 ein
1018 2793 1081 2842 uach
1094 2794 1140 2843 der

60 2809 150 2913 wirce.
185 2863 274 2927 Vergl.
292 2861 350 2912 Liv.
368 2861 410 2926 tt,
429 2863 475 2912 24:
493 2863 519 2911 si
533 2860 575 2910 de
628 2878 650 2911 c.
661 2863 675 2909 5
688 2861 1008 2925 gegebenenllurstelluug
1019 2861 1139 2911 ziemlicb

62 2930 182 2982 mmm
198 2933 251 2980 ι’ωιι
270 2935 294 2981 et
313 2931 427 2996 cousecta
444 2932 576 2998 mocincta
628 2929 870 2993 milderAusdruck‚
881 2928 1034 2980 demSeuate
1045 2945 1138 2994 gegen-

62 3004 141 3065 occet,
166 3014 214 3051 our
230 3002 257 3049 iu
279 2998 383 3049 Italiam
403 3014 454 3049 non
476 2999 575 3049 recedi?
628 3000 705 3062 iiber3
725 3014 754 3049 er
772 2999 870 3065 spricht
882 2999 955 3048 nicht
967 3014 1016 3050 von
1029 3000 1138 3063 gewalt-

24 3080 28 3091 ·
63 3068 135 3119 boen
152 3068 224 3121 stelit
235 3067 263 3118 in
280 3068 384 3119 soleben
398 3066 499 3132 Fragen
510 3067 575 3117 uucb
627 3082 711 3118 somer
732 3068 914 3132 Vertreibung‚
936 3067 977 3117 die
999 3067 1140 3134 iibcrhaupt

62 3138 226 3189 andorwdrts
243 3136 368 3188 unweilen
386 3137 432 3187 der
447 3134 573 3186 Coniunc-
628 3138 732 3187 manche
754 3136 904 3201 lengneteu3
928 3136 1020 3186 audens
1039 3153 1060 3186 e.
1079 3137 1104 3200 8,
1124 3137 1138 3185 2

63 3205 111 3257 tiv.
142 3204 202 3257 niv.
221 3204 262 3270 27,
280 3204 327 3255 34:
345 3207 370 3256 si
384 3207 468 3257 emma
483 3205 575 3255 bonam
628 3206 733 3256 vordeu
743 3205 871 3256 Soldaten.
882 3203 1066 3272 -pruedicate
1078 3206 1138 3256 hebt

200 3272 574 3343 pa‘ditapromaloacnooeio
627 3274 730 3324 berver.

62 3341 244 3393 durumnenti
270 3340 575 3406 Fiilscblicbvergleicht
662 3342 685 3391 ἵ.
705 3341 762 3392 tute.
794 3342 845 3392 llas
862 3345 890 3391 tu
906 3342 955 3390 und
976 3356 1019 3391 cos
1037 3342 1084 3391 der
1099 3342 1138 3390 di-

61 3410 228 3463 mnStellen
238 3410 290 3461 wie
300 3411 326 3461 B.
337 3409 368 3461 G.
383 3411 405 3475 1,
418 3412 460 3473 to,
472 3412 502 3460 4:
514 3407 576 3475 quid
628 3417 715 3461 recten
736 3410 804 3461 Rode
829 3410 906 3474 (vobis
923 3411 995 3460 oncri
1013 3424 1063 3458 non
1086 3410 1136 3471 ero)

62 3483 210 3547 merendo·
227 3478 334 3544 (directa
351 3477 413 3545 guid
427 3479 573 3541 memnii)
627 3479 688 3542 gelat
709 3479 736 3529 in
757 3479 803 3528 der
821 3478 965 3528 indirecten
984 3478 1010 3526 iu
1028 3476 1081 3539 ille,
1101 3476 1140 3526 dli

62 3562 87 3599 u.
101 3546 125 3613 1,
137 3546 182 3613 lt,
194 3548 225 3598 8:
242 3550 299 3613 qaas
308 3550 366 3617 pati
372 3551 455 3615 posset
466 3546 573 3610 (directa
626 3547 697 3597 iiber.
709 3575 740 3583 -
750 3562 777 3596 se
788 3548 859 3597 oncri
869 3546 1056 3610 consutorum.
1078 3542 1137 3594 Man

62 3617 120 3683 ques
126 3618 185 3684 pati
192 3618 314 3684 possit)
327 3616 377 3667 und
390 3619 414 3679 5,
424 3616 505 3681 tto:
518 3617 575 3680 ques
628 3615 733 3665 beacbte
755 3616 796 3665 die
823 3613 1035 3678 cigentbiimlicbe
1056 3611 1137 3663 Wen-

61 3686 166 3737 lwetot
217 3682 576 3749 srmderetldiroctzquissibi
627 3685 707 3747 dung:
734 3699 764 3734 er
783 3684 859 3733 wolle
887 3682 963 3731 ihnen
983 3681 1031 3731 mit
1051 3680 1137 3730 seiner

58 3768 156 3821 persua
183 3754 341 3810 earn-ee
350 3756 389 3805 uti
396 3754 572 3820 prohibuisset:
627 3751 785 3816 llorderuug,
802 3756 831 3802 ut
850 3749 970 3817 rerupubl.
989 3751 1134 3815 suscipiunt,

61 3820 143 3873 (lim
159 3820 299 3873 verbindet
313 3822 443 3891 pretabere
467 3819 509 3870 nie
527 3820 574 3870 mit
627 3816 1137 3884 niehtl'aistigfallenunddiellegierung

59 3892 197 4009 prumiam
195 3890 332 3953 ‚condem
349 3889 439 3941 immor
455 3889 503 3940 mit
518 3888 574 3938 dem
627 3888 706 3938 allein
725 3889 829 3956 (pereo)
848 3887 981 3949 besorgen.
1011 3884 1047 3936 Er
1059 3885 1135 3935 iiber-

71 3958 178 4011 ullultiv
189 3959 253 4009 eder
264 3959 321 4010 dem
333 3957 424 4009 Aecus.
437 3974 493 4008 cum
504 3954 550 4006 lui.
626 3964 695 4020 trug,
707 3957 747 4007 uls
759 3972 788 4007 er
800 3957 862 4007 llum
874 3952 996 4019 verliess,
1009 3954 1065 4005 dem
1074 3952 1136 4003 Prii-

943 4038 977 4092 ὅ*
