2572 4424
557 278 598 333 Ill
617 280 726 333 att-tt.
1109 285 1171 347 255

107 442 245 495 montem
256 435 371 496 flumen
383 434 548 496 suhlnehat.
576 435 682 497 Caesar
692 435 800 496 milites
814 438 995 512 cohortatus,
1011 438 1067 500 etsi
1078 439 1171 501 totius

109 520 165 582 diei
180 519 351 583 continenti
362 520 461 581 labore
474 528 559 581 erant
571 521 697 581 confecti
712 538 832 602 noxque
847 522 906 584 iam
923 523 1050 597 suberat,
1065 532 1167 586 tammr

104 605 274 667 munitione
289 606 404 667 llumen
420 625 436 666 a
451 614 553 667 monte
569 605 698 679 seclusit,
714 623 753 668 ne
768 617 860 669 noctu
876 609 978 688 aquari
995 609 1169 690 Pompeiani

103 699 239 774 possent.
261 691 329 764 Quo
341 692 475 771 perfecto
487 709 578 772 opere
590 691 631 752 illi
644 692 680 752 dc
694 693 845 754 deditione
857 694 958 755 missis
970 695 1073 775 legatis
1084 713 1169 775 agere
1191 706 1206 754 5

105 784 279 856 coeperunt.
304 776 395 838 Pauci
407 777 520 839 ordinis
533 776 683 851 senatorii,
700 779 751 858 qui
766 797 798 839 se
810 798 878 840 cum
893 779 932 840 iis
944 781 1169 854 coniunxerant,

105 870 194 923 nocte
209 862 279 940 fuga
296 862 421 923 salutem
436 862 611 942 petiverunt

188 946 239 1009 98.
252 948 358 1008 Caesar
368 946 464 1027 prima
475 949 540 1008 luce
553 965 658 1009 omnes
671 967 733 1022 eos,
745 948 840 1029 quiin
851 958 954 1013 monte
965 952 1170 1024 consederant,

105 1032 362 1112 exsuperioribus
380 1033 452 1094 locis
469 1032 502 1093 in
524 1033 679 1113 planiciem
700 1034 881 1096 descendere
898 1045 987 1115 atque
1002 1055 1084 1098 arma
1101 1055 1172 1116 pro-

105 1118 182 1179 icere
195 1117 295 1180 iussit
317 1117 405 1190 Quod
416 1118 468 1179 ubi
481 1118 547 1179 sine
557 1119 747 1197 recusatione
759 1119 1056 1202 feceruntpassisque
1067 1122 1171 1202 palmis
1194 1133 1208 1182 2

104 1203 230 1284 proiecti
244 1203 281 1264 ad
295 1210 407 1264 terram
423 1204 530 1266 dentes
546 1203 583 1265 ab
606 1225 641 1267 eo
658 1205 784 1266 salutem
800 1205 980 1284 petiverunt,
1002 1208 1172 1269 consolatus

104 1307 286 1368 consurgere
300 1287 389 1351 iussit
403 1297 435 1350 et
448 1309 540 1369 pauca
561 1291 639 1370 apud
652 1309 704 1351 eos
718 1290 754 1351 de
766 1290 886 1352 lenitate
897 1310 950 1353 sua
963 1293 1089 1366 locutus,
1109 1311 1169 1371 quo

105 1375 223 1436 minore
236 1382 339 1435 essent
351 1373 469 1449 timore,
481 1393 587 1436 omnes
600 1376 786 1437 conservavit
798 1376 1002 1457 militibusque
1014 1377 1077 1438 suis
1090 1396 1172 1439 cum-

105 1459 266 1534 mendavit,
286 1476 326 1520 ne
341 1459 394 1541 qui
408 1478 513 1521 eorum
533 1460 700 1534 violaretur,
722 1461 867 1541 neuquid
890 1462 938 1523 sui
958 1464 1170 1524 desiderarent.

106 1545 163 1608 llac
178 1543 312 1607 adhibita
325 1544 475 1624 diligentia
490 1565 526 1606 ex
541 1547 645 1607 castris
664 1546 720 1607 sibi
734 1546 866 1626 legiones
887 1547 956 1608 alias
971 1567 1128 1610 occurrere
1142 1556 1172 1609 et
1193 1564 1208 1614 t

105 1650 162 1707 ωε,
184 1649 259 1713 quas
274 1648 377 1691 secum
393 1631 526 1704 duxerat,
547 1630 579 1692 in
598 1631 692 1694 vicem
714 1631 903 1712 requiescere
919 1642 1008 1713 atque
1029 1635 1061 1695 in
1076 1642 1171 1695 castra

104 1717 215 1779 reverti
229 1715 320 1777 iussit
334 1717 501 1797 eodemque
519 1717 565 1778 die
578 1717 712 1779 Larisam
725 1718 870 1797 pervenit.

189 1801 242 1863 99.
272 1802 308 1863 ln
333 1820 370 1863 eo
394 1801 505 1882 proelio
531 1820 594 1864 non
627 1803 755 1882 amplius
783 1821 817 1863 cc
842 1803 952 1866 milites
985 1803 1170 1878 desideravit,

104 1889 155 1951 sed
169 1887 374 1960 centuriones,
388 1888 482 1949 fortes
493 1887 582 1961 viros,
597 1888 714 1949 circiter
727 1907 785 1949 xxx
799 1889 906 1950 amisit.
935 1890 1113 1951 Interiectus
1125 1898 1172 1951 est

105 1975 193 2036 etiam
205 1973 370 2035 fortissime
385 1991 521 2053 pugnans
537 1973 700 2047 Crastinus,
717 1974 801 2036 euius
817 1975 1004 2036 mentionem
1021 1994 1110 2056 supra
1125 1977 1171 2037 fe-

105 2061 209 2133 cimus,
232 2059 329 2138 gladio
349 2059 381 2119 in
395 2077 430 2120 os
451 2060 609 2121 adversum
624 2061 767 2122 coniecto.
804 2059 908 2140 Neque
931 2060 962 2122 id
977 2061 1034 2123 fuit
1053 2062 1169 2135 falsum,
1191 2074 1206 2122 2

106 2145 186 2226 quod
201 2144 251 2206 ille
265 2144 298 2205 in
312 2162 442 2224 pugnam
459 2145 650 2224 proficiscens
673 2147 795 2207 dixerat.
826 2145 876 2206 Sic
886 2146 968 2207 enim
983 2147 1091 2208 Caesar
1106 2147 1170 2207 exi-

105 2230 316 2304 stimabat,.eo
336 2230 448 2310 proelio
466 2230 742 2292 excellentissimam
762 2231 901 2293 virtutem
924 2231 1051 2293 Crastini
1077 2232 1170 2293 luisse

106 2316 398 2398 optimequecnmde
410 2335 442 2377 se
453 2316 593 2377 meritum
604 2317 762 2397 iudicabat.
792 2316 1027 2398 ErPompeiano
1040 2318 1170 2379 exercitu
1191 2332 1206 2382 3

105 2469 499 2536 Strcitkriiltcinzweigleiclra
512 2471 612 2537 Tiscilc,
665 2471 710 2523 iot.
737 2471 778 2537 12,
795 2471 841 2522 34:
862 2471 938 2525 Solm
953 2491 988 2537 ec,
1006 2476 1118 2538 inunum,
1144 2473 1172 2525 Ο.

106 2542 144 2593 dio
156 2541 215 2593 sich
226 2541 331 2592 ahldsen
343 2539 447 2592 sollten.
668 2541 769 2603 Caesar,
786 2543 858 2590 culus
878 2544 905 2591 in
927 2544 1033 2592 matoria
1054 2540 1172 2593 ceciderit

137 2611 164 2661 4.
169 2609 281 2677 fiumen,
290 2608 370 2672 nicht,
376 2609 426 2659 wie
435 2624 491 2660 man
501 2608 613 2673 gemeint
664 2624 736 2659 neruo
748 2611 800 2658 nisi
808 2615 931 2660 amatus.
955 2610 1026 2662 Naelr
1038 2610 1108 2660 Cass.
1123 2609 1171 2658 Dio

105 2681 155 2743 lint,
167 2678 216 2729 der
224 2677 344 2745 Enipeus,
353 2692 386 2728 sn
397 2679 445 2728 den
454 2677 495 2729 sie
503 2676 549 2726 auf
555 2678 612 2728 dem
665 2679 708 2741 41,
724 2678 755 2728 61
782 2678 887 2727 wurden
905 2678 947 2728 die
964 2678 1105 2728 Senatores
1121 2678 1172 2726 und

105 2747 209 2799 Maseli
220 2747 286 2799 naelr
294 2745 612 2810 Larissanichtgclangen
665 2745 764 2810 Ritter,
783 2745 824 2795 die
840 2748 917 2796 sehon
930 2746 1021 2796 cinmal
1037 2745 1172 2810 begnadigt

105 2815 232 2879 konntcn,
255 2817 365 2865 sondarn
390 2815 612 2878 wehrsclrcinliolr‚
666 2814 1053 2876 wordenwersmhingeriehtet.
1070 2813 1171 2864 Alsein

106 2885 155 2936 wia
174 2881 257 2934 Gdler
267 2899 292 2950 p.
308 2884 344 2934 94
355 2884 443 2945 meiut,
462 2885 508 2934 dar
519 2883 574 2933 sich
585 2883 612 2933 in
666 2883 821 2933 besonderer
832 2882 882 2932 Act
893 2884 939 2932 der
948 2881 1094 2932 llumanitit
1106 2881 1172 2931 wird

105 2955 152 3005 dau
161 2952 211 3004 Sco
220 2949 613 3016 Boebeislllarlaslcrgiessende
666 2950 791 3015 gertihmt,
803 2952 862 3000 dass
875 2950 954 3000 erdia
962 2949 1057 3014 Brielc‚
1070 2950 1112 3001 die
1124 2967 1172 3000 un-

105 3020 182 3072 Fluss
195 3020 471 3085 Onchestuslserliki).
665 3027 707 3070 ter
730 3017 865 3085 Pompeius
894 3019 1018 3086 Papiorsn
1047 3018 1172 3084 gelunden

139 3081 195 3142 118.
219 3089 243 3139 2.
258 3092 387 3157 pacesque
399 3088 500 3157 palmis.
524 3087 612 3153 Vergl.
666 3089 770 3138 worden
780 3103 876 3152 waren,
886 3087 1048 3153 verberante,
1059 3087 1172 3139 ohuesie

106 3158 131 3211 lt.
143 3157 177 3210 G.
192 3157 215 3221 1,
229 3157 271 3221 51,
282 3158 310 3207 ³:
322 3160 409 3225 passis
420 3157 537 3207 mandata
547 3156 613 3222 flen-
667 3173 698 3206 zu
708 3157 791 3207 lesen:
799 3158 980 3222 gratismmcm
987 3158 1174 3224 portmaitgenuc

105 3231 142 3279 tu
152 3226 331 3294 mptoratmt.
666 3228 761 3288 cauma,
773 3227 878 3291 neema,
889 3224 952 3290 guid
962 3227 1063 3291 ᾳιιίεςιω
1072 3240 1173 3292 peccac-

139 3296 463 3353 commemorasset.
502 3293 564 3346 Wie
585 3309 613 3345 er
666 3298 706 3344 sat
722 3293 818 3344 Seneca
830 3295 861 3345 de
873 3293 915 3344 ira
932 3294 956 3359 2,
970 3294 1010 3344 2³.
1041 3294 1110 3344 Cass.
1124 3292 1172 3342 nio

106 3366 184 3416 sehon
196 3363 239 3414 bel
250 3364 307 3414 dem
319 3362 394 3428 siege
405 3361 498 3413 darauf
506 3362 614 3413 bedaeht
667 3363 708 3424 41,
721 3362 762 3412 63.

107 3449 171 3498 war,
188 3432 367 3483 nichtanniitz
383 3432 442 3482 Blut
453 3447 485 3480 zu
497 3431 613 3496 vergies-
702 3422 754 3482 91).
779 3431 801 3480 1.
824 3445 875 3480 non
893 3429 1003 3497 conplices
1024 3428 1065 3480 OC
1081 3427 1174 3478 midae

107 3517 150 3554 sen
170 3500 260 3567 (ηιέὼε,
273 3514 354 3568 parce
371 3501 464 3550 civibus
476 3498 546 3549 Flor.
561 3499 613 3563 4,2
666 3497 824 3550 demdernvit.
853 3499 878 3550 S.
894 3498 961 3549 Einl.
974 3514 997 3565 p.
1014 3497 1051 3547 19.
1071 3495 1134 3562 App.
1149 3496 1172 3560 2,

107 3570 141 3635 (1,
156 3569 207 3636 ta),
219 3584 248 3618 so
260 3567 367 3620 verlohr
379 3584 408 3619 er
419 3570 483 3619 auch
494 3569 559 3617 nach
567 3569 614 3619 der
668 3568 713 3618 82:
731 3559 876 3617 ἀπέθανον
896 3594 930 3604 -
950 3562 1062 3616 ὁπλῖται
1079 3559 1173 3612 διακό-

106 3638 228 3690 Selrlaclrt
247 3637 296 3688 nsit
315 3637 361 3686 dor
381 3636 432 3687 ihm
452 3637 614 3687 natiirliclaen
667 3649 733 3695 uror,
744 3629 759 3696 ἢ
771 3629 808 3690 ὡς
817 3632 920 3701 ἑτέροις
930 3632 1015 3691 δοκεῖ,
1029 3631 1173 3699 χίλιοικαὶ

107 3704 327 3759 ldenschliclrkeit.
349 3704 441 3756 Vellei.
454 3701 617 3769 2,52:thil
668 3697 816 3753 διακόσιοι.
832 3729 866 3739 -
886 3705 914 3752 tn
932 3716 961 3751 os
975 3699 1117 3750 adversum.
1145 3698 1172 3748 B.

106 3778 133 3825 in
149 3774 194 3825 illu
212 3775 319 3824 viatoria
338 3773 491 3836 menoides,
513 3775 615 3839 magns·-
669 3771 698 3823 d.
717 3773 741 3835 5,
758 3770 800 3835 35,
817 3770 845 3820 8:
870 3769 973 3821 ordines
992 3769 1126 3818 adhortm
1146 3767 1173 3815 in

104 3843 236 3908 fiomatirts,
256 3841 351 3892 omem
363 3843 435 3907 suit,
459 3855 534 3906 quem
551 3839 617 3906 quod
667 3839 803 3891 adversum
814 3853 842 3888 os
853 3837 939 3903 fundo
950 3837 1104 3888 numerator.

106 3913 233 3962 mesu
249 3911 302 3960 alal
315 3912 369 3961 aute
388 3911 565 3988 eommuptum
581 3910 615 3958 ci-
701 3909 726 3958 2.
738 3903 1173 3973 optatmdessmmmmtcdtcadatr

107 3990 163 4031 m
174 3979 266 4047 patrie
279 3975 438 4030 daddorwrt.
463 3975 516 4027 Cre.
528 3990 553 4042 p.
564 3974 615 4026 Da·
667 3975 730 4042 App.
743 3975 768 4039 2,
781 3973 827 4025 82:
844 3971 905 4024 luel
918 3970 950 4023 dl
966 3968 1131 4041 ζητούμενος
1142 3967 1173 4024 ἐν
