2572 4424
140 190 201 252 214
534 181 576 234 DE
588 177 695 234 BELLO
711 179 807 236 ClvlLl

226 343 275 402 51.
291 338 414 401 Interim
430 336 538 400 certior
552 336 647 399 iaetus
663 338 694 398 P.
712 337 802 412 Sulla,
824 357 914 419 quem
930 339 1087 409 discedens
1104 341 1208 402 eastris

138 428 320 509 praefecerat
331 426 447 497 Caesar,
464 424 572 486 auxilio
585 423 699 485 cohorti
717 423 797 487 venit
811 445 880 488 oum
895 424 1063 504 legionibus
1075 426 1192 488 duabus
1201 423 1212 499 3‘

103 536 118 584 2
140 514 224 577 ouius
235 515 365 575 adventu
376 510 460 572 facile
473 519 544 572 sunt
555 509 667 588 repulsi
678 510 860 589 Pompeiani.
883 512 985 592 Neque
998 529 1069 573 vero
1081 531 1209 592 eonspe-

140 608 222 662 otum
234 606 286 660 aut
296 599 442 678 impetum
455 605 627 658 nostrorum
640 596 783 670 tulerunt,
791 597 955 679 primisque
966 597 1089 660 deieetis
1101 598 1208 679 reliqui

140 706 172 748 se
189 692 345 747 verterunt
359 690 389 745 et
403 683 467 743 loco
479 689 644 744 cesserunt.
672 682 730 742 Sed
743 682 933 763 insequentes
944 690 1076 757 nostros,
1092 701 1133 747 ne
1143 685 1208 746 lou-

103 795 118 845 3
139 771 205 850 gius
221 777 481 851 prosequerentur,
498 768 578 830 Sulla
592 767 749 829 revocavit.
785 769 822 830 lt
836 769 969 849 plerique
985 769 1170 845 existimant,
1184 770 1207 832 si

138 856 235 919 aerius
256 855 374 934 insequi
395 853 551 929 voluisset,
573 853 682 914 bellum
706 873 742 914 eo
763 854 810 915 die
831 854 963 934 potuisse
983 855 1081 917 finire.
1118 855 1206 919 Cuius

103 965 118 1015 4
140 941 297 1004 eonsilium
309 940 590 1020 reprehendendum
606 956 668 999 non
684 939 808 1000 videtur.
840 941 919 1002 Aliae
934 942 1019 1003 enim
1033 950 1107 1004 sunt
1121 942 1205 1022 legati

32 1103 35 1106 Ι
139 1035 237 1108 partes
257 1035 346 1106 atque
366 1025 568 1105 imperatoris:
595 1025 670 1085 alter
690 1025 791 1088 omnia
815 1045 902 1105 agere
925 1028 960 1088 ad
980 1029 1206 1108 praescriptum,

104 1135 119 1184 5
140 1115 213 1176 alter
227 1114 319 1175 libere
334 1113 370 1173 ml
385 1130 534 1173 summam
547 1129 649 1172 rerum
661 1113 816 1182 consulere
832 1113 928 1174 debet.
960 1112 1042 1175 Sulla
1054 1133 1071 1175 a
1083 1113 1207 1176 Caesare

140 1199 242 1262 eastris
258 1199 424 1279 praefectus
439 1197 570 1258 liberatis
586 1195 648 1258 suis
664 1198 720 1258 hoo
734 1197 791 1258 luit
806 1207 966 1261 contentus
982 1217 1082 1280 neque
1096 1200 1207 1280 proelio

140 1287 291 1347 decertare
300 1284 400 1357 voluit,
408 1303 482 1363 quae
495 1302 543 1344 res
555 1291 655 1344 tamen
666 1283 930 1365 fortassealiquem
936 1284 1086 1365 reciperet
1098 1291 1207 1360 ea'sum,

103 1389 179 1439 one
202 1370 407 1451 imperatorias
428 1368 483 1429 sibi
510 1377 607 1449 partes
629 1369 793 1449 sumpsisse
821 1371 971 1433 videretur
1021 1371 1208 1452 Pompeianis

104 1475 118 1524 7
140 1475 278 1536 magnam
295 1475 341 1517 res
353 1456 389 1517 ad
401 1462 554 1535 receptum
567 1454 772 1516 difficultatem
785 1456 935 1518 offerebat.
968 1456 1044 1517 Nam
1056 1477 1092 1519 ex
1104 1458 1208 1538 iniquo

140 1543 287 1622 progressi
307 1542 371 1603 loeo
387 1541 417 1601 in
433 1559 552 1601 summo
574 1540 781 1602 constiterant:
805 1542 899 1622 siper
921 1542 1032 1604 ‹leolive
1054 1562 1120 1605 sese
1135 1543 1209 1605 reei-

141 1636 255 1708 perent‚
273 1636 391 1690 nostros
404 1646 440 1687 ex
453 1627 605 1706 superiore
617 1626 807 1706 insequentes
822 1629 887 1689 loeo
899 1628 1094 1704 verebantur3
1110 1647 1209 1710 neque

142 1716 268 1776 multum
291 1713 326 1775 ad
348 1713 418 1774 solis
440 1731 575 1774 oceasum
591 1712 734 1791 temporis
754 1721 924 1793 supererat3
944 1732 997 1794 spe
1019 1712 1100 1776 enim
1118 1714 1210 1777 eonii-

106 1813 120 1862 8
142 1799 238 1861 ciendi
259 1798 368 1879 negotii
388 1816 480 1878 prope
504 1797 535 1858 in
556 1806 675 1859 noctem
698 1814 762 1859 rem
786 1800 939 1862 duxerant.
976 1800 1018 1863 lta
1038 1800 1209 1863 necessario

141 1892 231 1965 atque
252 1905 288 1945 ex
303 1893 439 1964 tempore
461 1891 545 1963 capto
567 1883 691 1944 oonsilio
707 1884 865 1964 Pompeius
887 1886 1039 1947 tumulum
1062 1888 1211 1966 quendam

142 1970 304 2050 occupavit,
321 1969 371 2049 qui
386 1976 502 2032 tantum
516 1969 615 2030 aberat
630 1988 644 2029 a
658 1977 761 2030 nostro
773 1973 902 2046 castello,
917 1978 952 2032 ut
965 1972 1061 2035 telum
1073 1980 1210 2035 tormen-

140 2089 220 2153 giunt.
257 2085 311 2139 nul
331 2088 371 2138 die
394 2088 450 2139 hier
474 2086 647 2153 ausgefallene
700 2095 842 2153 rrwurten‚
867 2105 887 2140 s.
912 2088 1003 2156 Zumpt
1026 2087 1044 2155 ἦ
1069 2090 1130 2156 525,
1153 2091 1210 2143 528.

141 2158 222 2209 Stelle
234 2159 300 2208 wird
313 2174 334 2208 e.
349 2158 389 2219 58,
405 2158 416 2207 1
430 2157 585 2207 verwiesen.
699 2155 784 2208 Madv.
796 2156 813 2222 ὅ
825 2157 883 2209 341.
896 2158 967 2209 Arm.
981 2157 1005 2208 2.
1025 2156 1112 2226 Uoberj
1124 2175 1213 2212 earnm

175 2219 227 2276 al.
243 2227 265 2277 1.
280 2227 311 2277 P.
320 2223 400 2288 Sulla,
413 2225 530 2276 derselbe
543 2224 570 2274 P.
586 2223 648 2274 Cor·
699 2227 976 2292 responsales.
1004 2225 1040 2279 Es
1058 2242 1114 2279 war
1126 2229 1213 2280 zule-

141 2295 223 2345 nelius
245 2293 316 2344 Sulla
323 2333 330 2358 ,
353 2293 427 2345 Neffe
451 2295 494 2344 des
518 2293 648 2345 Dictators
699 2291 825 2359 furenter,
844 2295 912 2358 dass,
929 2309 1005 2346 weun
1021 2294 1097 2347 Sulla
1113 2297 1212 2349 siohzu

141 2364 225 2424 Sulla,
242 2364 290 2413 den
304 2361 393 2412 Cicero
411 2360 588 2425 vertheidigte.
613 2361 649 2412 Er
700 2362 770 2413 einer
797 2362 1026 2415 noehdriioklioheu
1051 2364 1212 2430 Veriolguog

91 2445 93 2448 ’
141 2433 210 2482 hatte
217 2429 270 2480 sich
280 2431 312 2480 im
322 2431 343 2480 J.
355 2431 387 2481 51
398 2446 448 2481 von
457 2430 590 2496 Pompeius
598 2431 648 2479 und
699 2431 874 2482 eutsehlossen
888 2432 937 2481 und
949 2432 1005 2482 dies
1018 2431 1093 2484 einen
1106 2434 1210 2486 schlin-

140 2502 217 2550 schon
231 2501 325 2550 vorher
337 2516 386 2550 von
400 2499 446 2549 der
458 2498 649 2550 senatorisehen
700 2514 755 2549 men
769 2498 891 2564 Ausgang
906 2515 1052 2564 gononunen
1069 2502 1153 2566 natae,
1168 2502 1211 2553 das

141 2567 227 2619 Partei
248 2568 378 2632 losgesogt
398 2567 448 2617 und
468 2565 537 2618 foeht
560 2567 584 2616 iu
601 2568 649 2617 den
699 2567 1211 2631 Lagergenummenuudc'tisarinsoiuor

140 2635 344 2700 Biirgerlriegen
360 2642 436 2686 unter
454 2635 539 2687 Ciisor.
563 2634 649 2686 luder
699 2635 1211 2704 StellungvorDyrrhachiumiurlliiokon

141 2706 260 2756 Sehlaoht
272 2705 313 2756 bei
326 2704 463 2755 Pharsalus
473 2702 557 2754 fuhrte
568 2705 648 2754 erden
700 2704 875 2767 blossgestellt
887 2706 982 2757 wiirde.

141 2776 246 2825 rechten
258 2773 350 2836 Fliigel
363 2788 383 2823 s.
398 2791 419 2823 e.
434 2773 474 2822 89.
735 2773 757 2822 o.
791 2772 826 2824 ad
858 2778 987 2841 receptum
1018 2773 1210 2839 demutant,

176 2843 199 2892 2.
217 2840 302 2906 Neque
318 2857 375 2892 vero
392 2843 437 2892 hat
448 2841 516 2891 nicht
528 2841 650 2891 adversa·
700 2841 749 2891 wie
765 2841 792 2891 B.
810 2840 839 2892 G.
859 2843 884 2905 7,
904 2844 943 2905 10,
963 2843 987 2892 1:
1008 2859 1136 2910 magum
1152 2845 1209 2895 noo

144 2908 197 2959 tive
209 2909 364 2973 Bedeutmg,
377 2912 485 2960 sondern
499 2909 577 2960 durch
591 2924 649 2959 voro
699 2925 743 2960 res
762 2909 868 2962 Caesari
881 2909 1069 2977 dfffioultutma
1083 2911 1121 2964 ad
1130 2914 1210 2964 eond-

142 2976 205 3026 wird
219 2976 259 3026 die
273 2976 399 3040 Negotion
411 2977 552 3029 verst'tirkt.
577 2977 648 3042 Vrgl.
699 2978 761 3098 {uon
776 2978 928 3046 capiendum
938 2980 1076 3043 qffmobut.
1100 2981 1127 3032 S.
1140 2998 1173 3033 ιι
1182 2981 1208 3033 B.

53 3066 56 3070 “
145 3045 258 3108 1,71,1.
725 3085 730 3097 .
781 3047 860 3111 2-'t‚1.

177 3111 200 3161 3.
214 3111 303 3163 belham
313 3115 427 3178 potuisse
438 3113 510 3175 (ohne
520 3111 650 3166 Subieots-
735 3047 768 3166 Sl,
782 3118 925 3167 omotario
940 3118 1016 3181 atquo
1030 3133 1068 3168 σω
1084 3121 1208 3187 temporo.-

142 3180 281 3244 aeeusativ)
296 3181 390 3245 finire,
408 3196 437 3230 so
453 3195 500 3230 nur
518 3181 588 3243 hier3
606 3197 650 3246 go-
700 3183 747 3233 wie
765 3198 793 3233 es
810 3184 850 3235 die
866 3183 935 3236 Noth
951 3184 1002 3234 und
1017 3185 1060 3236 dio
1073 3185 1142 3251 Ζοίῐ,
1159 3186 1208 3237 (li.

142 3248 270 3301 wohnlieh
283 3249 409 3313 conficere
421 3249 519 3302 bellum.
700 3252 742 3303 dia
752 3253 1045 3317 augeubliokliehehago
1055 3252 1207 3306 arfordorta

176 3319 200 3368 l.
222 3317 287 3368 (ιὶίαο
308 3319 452 3368 estimarent
470 3317 549 3384 legali
562 3322 650 3385 partos
701 3319 752 3370 Cio.
769 3321 800 3370 ad
813 3319 866 3373 Att.
879 3322 903 3385 9,
921 3322 936 3372 2
953 3320 984 3382 Α,
998 3322 1026 3373 3:
1046 3339 1083 3373 aas
1098 3339 1129 3375 re
1139 3327 1166 3374 ot
1176 3338 1208 3374 en

142 3403 163 3436 u.
179 3402 199 3436 s.
213 3402 245 3436 w.
259 3388 284 3437 S.
298 3402 329 3436 zu
342 3386 366 3448 2,
388 3387 426 3449 17,
440 3387 462 3436 2.
477 3415 509 3423 -
523 3388 599 3438 libers
617 3387 652 3438 od
700 3391 945 3455 tenporooonrilium
951 3391 1207 3458 captemus-telum

142 3471 269 3505 suricinum
287 3470 375 3505 rorum
393 3469 473 3504 eone:
497 3456 650 3507 selbststiiu-
700 3457 1207 3512 lomnontnmuo:torquentumdieWm-i·

142 3523 199 3587 lig,
218 3525 281 3573 nach
297 3523 410 3586 eigeneru
427 3522 561 3575 Ermesseu
579 3524 650 3575 seino
699 3526 829 3578 meschine
845 3528 894 3577 und
911 3527 1015 3578 einans
1033 3528 1107 3580 einer
1120 3527 1206 3581 Wurl·

128 3592 291 3642 neseultisso
304 3593 368 3641 nauli
380 3591 427 3640 den
438 3591 649 3644 Er·lorderrrissen
700 3595 826 3646 meschino
842 3596 1051 3658 gesehloudertes
1072 3596 1204 3651 Gesouoss.

142 3661 185 3710 des
200 3659 406 3711 Ganuenlassen.
699 3664 724 3713 S.
743 3664 767 3727 2,
789 3666 813 3728 9,
835 3667 859 3714 4.
897 3664 944 3715 Die
969 3665 1135 3731 Erwiiltunug
1158 3682 1205 3719 von

177 3731 199 3779 5.
216 3745 279 3794 qnae
297 3743 339 3779 res
356 3732 442 3778 tamon
458 3758 474 3764 -
486 3729 594 3794 aliquem
610 3746 650 3781 re-
699 3733 775 3783 telum
781 3733 860 3784 noben
870 3736 1132 3788 torritentumistlrier
1139 3750 1205 3786 zwar

142 3800 235 3864 ciperet
247 3813 343 3849 rasum.
364 3796 447 3848 Uelrer
460 3798 508 3849 deu
518 3797 648 3850 Coniunot.
677 3807 679 3811 ’
699 3803 830 3867 unniitlrig,
849 3802 926 3853 findet
938 3801 993 3853 sicu
1005 3807 1069 3858 aber
1080 3805 1172 3858 muso
1184 3821 1203 3855 e.

141 3863 249 3931 Imperi,
267 3883 306 3916 wo
324 3866 372 3916 wir
388 3866 432 3917 dos
451 3865 648 3935 Plusquamporl.
700 3871 779 3935 56,1.
