2572 4424
479 313 482 318 ’
561 300 601 354 tn.
615 301 723 355 82-84.
1107 307 1169 371 243

104 458 136 520 in
150 457 294 538 Hispania
309 457 428 521 diceret.
459 456 497 516 Et
511 455 543 516 L.
556 457 702 520 Domitius
714 458 745 518 in
758 460 880 520 consilio
896 460 969 521 dixit
983 462 1099 540 placere
1112 462 1168 524 sibi
1190 477 1205 526 3

103 544 179 606 beilo
193 545 332 605 coniecto
347 551 448 604 ternas
463 541 583 604 tabellas
599 543 661 604 dari
676 544 712 605 ad
728 545 920 606 iudicandum
935 546 982 619 iis,
995 549 1046 626 qui
1058 548 1168 609 ordinis

103 637 205 691 essent
217 629 359 689 senatorii
371 627 509 708 belloque
523 647 580 689 una
593 647 662 689 cnm
674 629 746 709 ipsis
757 630 976 705 interfuissent,
988 634 1170 693 sententias-

104 734 162 795 que
175 715 213 775 de
228 715 353 792 singulis
373 713 497 787 ferrent,
519 713 569 793 qui
587 714 698 775 Romae
719 715 938 778 remansissent
959 717 1069 798 quique
1091 719 1168 780 intra

103 799 250 879 praesidia
265 798 390 879 Pompei
403 799 541 861 'fuissent
555 816 654 879 neque
670 817 789 879 operam
811 800 841 859 in
858 820 891 861 re
907 802 1024 864 militari
1041 803 1186 883 praesti..

101 884 226 946 iissent:
242 902 334 945 unam
349 885 415 945 fore
427 884 575 957 tabellam,
600 885 651 964 qni
665 885 835 947 liberandos
850 887 933 947 omni
948 888 1079 966 periculo
1097 906 1168 948 cen·
1189 903 1204 952 4

103 979 222 1043 serent3
233 971 365 1043 aiteram,
377 970 538 1049 quicapitis
551 970 741 1031 damnarent:
754 971 882 1045 tertiam,
890 972 941 1051 qui
953 974 1079 1051 pecunia
1092 975 1170 1034 mui-

103 1062 211 1117 tarent
242 1055 399 1116 Postremo
415 1073 520 1116 omnes
535 1063 586 1116 aut
601 1055 637 1115 de
650 1056 816 1116 honoribus
832 1058 895 1118 suis
910 1065 962 1118 aut
979 1059 1014 1119 de
1030 1059 1169 1138 praemiis
1190 1078 1205 1126 5

103 1140 248 1220 pecuniae
274 1148 325 1200 aut
350 1141 387 1201 de
414 1140 625 1220 persequendis
646 1140 809 1202 inimicitiis
830 1141 954 1222 agebant
979 1161 1035 1205 nec
1061 1143 1171 1224 quibus

104 1226 272 1287 rationibus
287 1243 430 1304 superare
445 1234 578 1305 possent,
595 1226 645 1287 sed
659 1227 910 1305 quemadmodum
925 1228 969 1288 uti
980 1229 1102 1290 victoria
1117 1229 1171 1289 de-

105 1310 213 1373 berent
227 1310 404 1390 cogitabant.

190 1396 241 1457 84.
260 1397 304 1456 Rc
319 1395 515 1457 frumentaria
530 1403 701 1474 praeparata
721 1398 961 1479 confirmatisque
982 1398 1125 1460 militibus
1141 1406 1172 1459 et

105 1482 179 1544 satis
193 1482 285 1561 longo
308 1483 403 1562 spatio
426 1480 569 1561 temporis
587 1481 827 1561 aliprbachinis
848 1485 966 1562 proeliis
987 1484 1170 1558 intermisso,

105 1587 165 1650 quo
179 1567 253 1629 satis
275 1576 465 1648 perspectum
481 1567 589 1629 habere
611 1567 739 1627 militum
757 1568 891 1629 animum
911 1570 1069 1643 videretur,
1091 1578 1169 1630 tem-

105 1655 252 1735 ptandum
273 1653 380 1715 Caesar
401 1652 594 1725 existimavit,
616 1652 758 1732 quidnam
773 1653 935 1733 Pompeius
956 1655 1100 1734 propositi
1119 1663 1171 1715 aut

104 1739 265 1801 uoluntatis
281 1738 318 1800 ad
334 1738 535 1799 dimicandum
553 1737 683 1798 baberet.
714 1738 815 1817 ltaque
830 1757 867 1800 ex
882 1740 986 1800 castris
1008 1741 1169 1801 exercitum
1191 1753 1205 1802 2

105 1825 207 1886 eduxit
228 1825 381 1903 aciemque
401 1824 555 1895 instruxit,
582 1823 680 1902 primo
698 1823 759 1883 suis
780 1825 850 1886 locis
871 1826 1016 1904 pauloque
1032 1846 1049 1887 a
1064 1825 1171 1886 castris

105 1909 229 1990 Pompei
248 1909 378 1988 longius,
399 1908 622 1971 continentibus
643 1926 714 1968 vero
731 1908 845 1981 diebus,
867 1911 1171 1989 utprogrcderetura

105 1996 210 2059 matris
225 1996 288 2057 suis
304 1994 489 2075 collibusque
506 1993 696 2072 Pompeianis
718 1993 811 2056 aciem
832 1996 988 2056 subiceret.
1025 1997 1106 2069 Quae
1121 2014 1171 2056 res

104 2138 147 2193 aar,
174 2131 424 2195 ouoansziensru
433 2132 613 2184 comneno
665 2132 787 2196 beseitigt
800 2093 909 2185 denen.

105 2200 150 2253 anf
159 2201 209 2252 dc'n
221 2198 552 2267 inbaltdcsflauptsatzcs,
570 2198 616 2251 aui
700 2201 725 2250 4.
748 2201 874 2264 tabellam,
901 2203 946 2267 qui
963 2205 1088 2250 censerent
1108 2201 1132 2249 d.
1153 2199 1171 2249 i.

106 2270 150 2321 das
171 2269 292 2337 prodere.
327 2269 380 2319 Der
399 2284 479 2333 ganzo
501 2268 561 2319 Satz
578 2269 614 2318 ist
666 2284 753 2319 eorum
774 2271 846 2333 (oder
866 2272 910 2319 iis:
931 2268 974 2318 fiir
991 2269 1046 2334 die,
1066 2268 1171 2330 welche)

105 2336 613 2402 ffiruniobtgebaltcnwordcmndtbig
666 2339 784 2402 quiocns.
810 2338 1028 2400 Diebuslassung
1044 2337 1088 2386 des
1101 2353 1172 2402 pron.

104 2405 208 2458 troium
225 2407 263 2456 ist
279 2407 400 2456 daranah
416 2405 613 2470 cigenthiimlicb
667 2405 845 2456 demonstr.ist
854 2408 920 2456 donn
928 2405 971 2455 fiir
979 2404 1173 2466 unsauffailend‚

104 2474 217 2541 geiasste
230 2474 326 2525 Zusatz
335 2474 412 2524 nicht.
432 2474 554 2523 dcbnlich
563 2474 613 2523 und
667 2489 740 2522 wenn
761 2489 788 2523 es
809 2474 837 2522 in
858 2475 937 2524 ciuem
962 2472 1072 2523 anderen
1094 2472 1173 2522 Casus

105 2544 168 2595 oben
180 2558 210 2594 so
227 2542 389 2606 verdbchtigt
399 2540 457 2592 Liv.
472 2543 495 2602 5,
513 2542 554 2605 21,
569 2543 613 2592 16:
667 2544 743 2604 steht,
752 2542 792 2592 als
801 2543 846 2592 das
855 2542 1014 2602 Relativum3
1027 2557 1057 2591 so
1066 2557 1088 2590 c.
1099 2541 1140 2603 18,
1149 2542 1173 2590 b.

105 2609 616 2680 mpmadoodocrooltonanaaqood
667 2610 694 2659 B.
709 2608 739 2660 G:
753 2611 777 2672 7,
790 2609 831 2670 ³1,
844 2610 868 2672 2,
881 2611 931 2661 und
943 2626 974 2659 zu
987 2610 1010 2674 4,
1028 2610 1052 2670 7,
1065 2608 1089 2657 3.
1114 2608 1172 2671 Vqr.

104 2684 177 2748 poet
206 2694 328 2748 paucos
356 2677 476 2729 accidit
503 2695 613 2742 annos,
667 2678 805 2728 bcsonders
818 2678 860 2728 die
872 2678 970 2744 Ellipse
981 2677 1026 2726 des
1037 2676 1129 2726 Dutivs
1146 2676 1173 2725 in

105 2746 209 2801 dedan.
230 2776 263 2785 -
279 2748 331 2799 Dar
347 2746 500 2797 Coniunctis
514 2747 614 2810 diceret,
668 2743 877 2810 Gosctziormeln,
889 2746 938 2794 wic
951 2746 1004 2795 Cic.
1017 2745 1048 2794 de
1060 2743 1136 2808 Legg.
1150 2744 1173 2805 2,

105 3022 144 3073 soi
161 3020 210 3072 dcc
219 3020 342 3073 Structnr
359 3022 423 3071 nacb
436 3020 544 3087 plaeere,
564 3021 614 3070 wic
667 3018 697 3069 de
706 3021 828 3085 praemiis
835 3022 968 3086 pammac,
987 3020 1075 3068 wico.
1094 3016 1140 3082 58,
1158 3017 1173 3066 2

105 3090 131 3141 b
144 3087 178 3140 G.
195 3089 221 3152 2,
240 3091 279 3156 to,
296 3092 326 3139 t:
350 3091 532 3141 commumoni
548 3090 614 3155 opti·
643 3134 645 3139 .
666 3090 782 3154 praemio
792 3089 832 3137 rai
839 3089 1008 3155 pecuniamne.

105 3173 179 3210 m
195 3174 262 3222 erac,
285 3156 390 3209 mm
404 3173 480 3207 auam
496 3172 615 3222 quemque
701 3145 754 3206 84.
775 3157 796 3206 l.
810 3155 1038 3221 quo-odiantur:
1055 3171 1083 3205 so
1100 3153 1174 3216 lange

105 3229 199 3278 mli
207 3230 233 3277 ct
243 3254 275 3265 -—
288 3225 399 3291 undiquc
407 3227 572 3276 convenirent.
580 3250 615 3261 -
668 3224 734 3285 Zeit‚
745 3224 804 3275 dass
816 3239 846 3275 er
857 3225 884 3274 in
897 3224 1073 3275 derselben-.
1084 3250 1116 3259 -
1125 3223 1175 3270 mi·

106 3298 151 3361 qni
160 3292 257 3347 nouae
267 3296 456 3345 remaneam.
480 3294 549 3344 Suet.
561 3292 614 3344 Ne·
667 3292 740 3342 liberm
751 3295 880 3343 marum:
898 3294 923 3357 2,
936 3293 977 3355 34,
989 3294 1014 3343 6.

107 3379 135 3415 ro
148 3363 178 3416 t:
201 3362 363 3415 Coruum
378 3367 463 3412 autem
480 3360 524 3412 Cn.
538 3362 615 3411 Pom-
702 3361 726 3410 2.
743 3363 798 3411 suia
809 3361 882 3411 bork:
900 3361 945 3411 auf
959 3361 1041 3410 einem
1057 3374 1107 3409 von
1122 3357 1174 3407 ibin

104 3435 159 3500 perir
180 3431 212 3483 dc
229 3430 322 3482 nmdb'a
340 3446 371 3481 ac
386 3435 502 3481 matram
516 3433 615 3497 partem
667 3429 810 3492 gewiihlten
829 3430 880 3480 und
900 3429 1093 3489 baborrscbtcn‚
1117 3426 1172 3476 also

105 3501 276 3567 aaqmniibm,
297 3499 370 3550 aulus
392 3498 535 3560 (Domitius)
558 3513 614 3547 ocn-
668 3497 710 3547 iiir
725 3497 768 3546 ibn
784 3497 1043 3561 giinstigen'Terrain
1059 3510 1108 3544 vor
1123 3492 1174 3543 sai·

107 3572 159 3621 mit
195 3569 309 3620 boetium
346 3580 452 3618 numero
483 3564 613 3615 laedendos.
668 3579 723 3615 nem
749 3563 845 3629 Lager3
871 3573 926 3616 crat
946 3566 1008 3615 nach
1034 3563 1084 3612 und
1111 3561 1174 3610 nach

107 3637 166 3703 Vql.
179 3638 251 3688 dens,
262 3635 334 3687 Gaas.
349 3637 390 3698 75,
403 3634 454 3685 Cic.
467 3635 499 3684 ad
508 3634 562 3684 Att.
577 3633 617 3695 ll,
668 3632 758 3683 riickte
770 3648 799 3683 er
811 3634 866 3683 dem
878 3633 924 3684 auf
936 3634 982 3683 der
992 3632 1061 3681 thc
1073 3631 1174 3680 stanen-

107 3705 128 3771 b,
141 3707 173 3757 cz
185 3720 274 3756 onmes
284 3707 360 3768 anan,
372 3704 416 3768 qui
425 3702 536 3753 irritabo
543 3717 617 3751 mon·
669 3700 852 3767 denPompeius
862 3704 948 3752 adher.
967 3699 1091 3750 Daborim
1100 3696 1174 3758 Folg.

108 3777 202 3838 mr&
215 3774 326 3825 korb'mn
337 3786 443 3822 numm
453 3771 615 3820 bobcbnntacr.
668 3774 697 3819 ut
705 3769 752 3832 (ita
760 3771 797 3832 ut)
808 3785 898 3838 progr.
912 3786 929 3819 c
940 3770 1030 3819 metro
1040 3764 1173 3816 ruiecolb'-

108 3841 217 3894 tnui.
227 3858 252 3909 p.
268 3841 306 3891 14.
328 3866 364 3877 -
381 3840 499 3904 quiquo-
507 3838 616 3906 pracati·
670 3835 1122 3906 busquePomp.ac.mbiceretnndc.
1133 3834 1174 3897 85,

108 3912 203 3962 &aaut
225 3907 281 3960 auf
289 3908 362 3959 dicae
370 3905 461 3958 Weiss
470 3905 565 3956 konnte
577 3904 619 3955 bei
673 3905 699 3955 l:
716 3912 875 3974 asspectum,
892 3908 918 3955 n·
931 3906 1026 3970 iniquia
1036 3902 1096 3952 1οώ
1108 3901 1135 3953 0.
1148 3917 1176 3952 ec

109 3978 154 4031 der
173 3976 342 4043 allgcmeincn
362 3974 426 4038 Jagd
443 3975 507 4024 nach
520 3971 618 4023 Ehrcn-
670 3973 799 4026 mouent.
824 3974 848 4024 S.
862 3991 893 4022 zu
909 3974 930 4034 1,
948 3972 990 4035 61,
1008 3971 1036 4034 3;
1053 3970 1077 4033 3,
1095 3970 1137 4032 44,
1150 3969 1175 4018 6.

54 4030 64 4069 ⁵
110 4046 201 4096 steilen
218 4046 283 4095 noch
300 4043 420 4093 manchon
440 4040 619 4094 Nebenbuhler
671 4067 704 4076 —
716 4056 733 4089 a
749 4045 840 4093 coetm
857 4042 967 4106 Pompei.
990 4039 1062 4091 Nacb
1074 4037 1137 4104 app.
1150 4037 1173 4099 2,

912 4123 961 4181 16*
