2572 4424
1153 190 1157 221 l

147 281 206 343 156
538 275 581 327 nn
593 275 701 327 annuo
714 274 812 329 crvur

140 443 200 498 tate
216 434 277 508 otii,
298 433 454 495 Uticenses
469 451 522 512 pro
544 432 722 512 quibusdam
744 430 878 494 Caesaris
894 431 926 492 in
942 450 975 493 se
989 432 1144 495 beneficiis
1166 430 1207 495 illi

140 519 318 592 amicissimi,
331 528 494 580 conventus
507 518 542 589 is,
556 518 606 599 qui
617 539 654 579 ex
666 520 752 580 variis
763 517 922 600 generibus
935 527 1095 593 constaret,
1108 526 1207 581 terror

103 612 119 663 2
140 606 399 686 exsuperioribus
426 604 547 684 proeliis
570 623 703 683 magnus.
739 606 840 685 ltaque
867 605 904 666 de
930 604 1083 666 deditione
1098 622 1205 668 omncs

139 694 235 774 palam
256 691 455 772 loquebantur
470 700 501 752 et
521 710 590 752 cum
606 691 637 752 P.
654 691 733 753 Attio
755 691 894 770 agebant,
916 710 955 752 nc
970 710 1024 753 sua
1045 691 1207 771 pertinacia

104 784 119 834 3
141 779 278 857 omnium
293 779 428 839 fortunas
445 777 610 856 perturbari
627 779 721 839 vellet.
752 778 831 839 llaec
843 796 910 839 cum
922 786 1091 856 agerentur,
1107 776 1206 840 nuntii

140 865 295 946 praemissi
311 864 346 925 ab
362 883 432 944 rege
446 863 517 925 luba
539 871 695 937 venerunt,
718 864 768 943 qui
783 863 865 925 illum
882 864 985 925 adesse
1007 883 1077 927 cum
1092 863 1206 944 magnis

140 951 232 1031 copiis
248 951 383 1012 dicerent
404 958 434 1011 et
449 951 486 1011 de
501 950 633 1010 custodia
656 968 690 1011 ae
705 950 881 1011 defensione
902 945 984 1011 urbis
1004 952 1205 1012 hortarentur.

140 1039 285 1111 Quaeres
301 1055 404 1098 eorum
420 1035 595 1115 perterritos
611 1036 729 1097 animos
745 1034 939 1097 confirmavit.

225 1122 275 1184 37.
291 1122 513 1183 Nuntiabantur
527 1124 599 1182 haec
611 1122 715 1183 eadem
728 1120 859 1196 Curioni,
875 1123 927 1183 sed
940 1121 1123 1202 aliquamdiu
1132 1122 1205 1183 fides

104 1212 118 1262 ²
139 1210 203 1271 fieri
219 1227 280 1270 non
296 1215 426 1287 poterat:
444 1215 554 1269 tantam
570 1208 697 1269 habebat
708 1227 830 1269 suarum
842 1227 942 1269 rerum
958 1207 1107 1270 fiduciam.
1129 1208 1206 1270 larn-

139 1315 197 1374 quc
208 1295 341 1357 Caesaris
357 1295 388 1355 in
400 1293 541 1373 Hispania
552 1312 601 1354 res
618 1295 766 1356 secundae
778 1294 809 1356 in
817 1293 945 1363 Africam
958 1293 1073 1356 nuntiis
1086 1301 1118 1356 et
1127 1294 1206 1356 litte-

139 1381 181 1442 ris
197 1381 432 1460 perimebantur.
470 1379 586 1453 Quibus
601 1380 690 1441 rebus
707 1380 847 1441 omnibus
863 1380 996 1442 sublatus
1012 1378 1088 1441 nibil
1103 1388 1205 1442 contm

104 1471 119 1523 3
141 1488 173 1528 se
190 1486 288 1546 regem
304 1486 447 1529 ausurum
463 1465 659 1527 existimabat.
693 1467 751 1528 Sed
768 1466 818 1527 ubi
834 1466 922 1528 certis
936 1466 1110 1528 auctoribus
1124 1485 1206 1528 conr·

139 1553 217 1634 perit
231 1554 331 1615 minus
347 1572 404 1614 xxv
419 1552 539 1613 milibus
556 1552 643 1631 longe
659 1553 694 1613 ab
711 1553 793 1614 Utica
808 1552 873 1614 eius
889 1553 988 1632 copias
1004 1552 1121 1627 abesse,
1137 1552 1206 1614 reli-

103 1648 120 1699 4
140 1640 195 1701 ctis
211 1640 428 1702 munitionibus
445 1658 512 1701 sese
527 1638 558 1699 in
579 1647 675 1700 eastra
689 1637 824 1701 Cornelia
840 1638 962 1718 recepit.
992 1638 1058 1700 Huc
1072 1639 1207 1701 frumen·

138 1734 203 1788 tum
217 1734 411 1805 comportare,
419 1733 514 1787 castra
527 1725 655 1798 munire,
664 1725 818 1787 materiam
830 1726 967 1787 conterre
981 1724 1079 1805 coepit
1092 1725 1207 1787 statim-

140 1813 244 1894 quein
260 1813 388 1874 Siciliam
405 1812 496 1884 misit,
514 1811 554 1872 uti
568 1811 642 1872 duae
654 1812 787 1888 legiones
800 1811 991 1892 reliquusque
1007 1811 1157 1891 equitatus
1172 1812 1207 1873 ad

104 1914 119 1964 5
140 1918 172 1960 se
185 1900 363 1960 mitteretur.
392 1898 492 1958 Castra
504 1904 590 1958 erant
601 1898 638 1959 ad
649 1897 760 1959 bellum
774 1898 942 1959 ducendum
954 1896 1110 1977 aptissima
1121 1905 1208 1960 natu·

139 2003 172 2046 ra
183 1984 239 2045 loci
251 1991 281 2045 et
292 1984 459 2045 munitione
472 1991 502 2045 et
513 1983 601 2044 maris
613 1984 835 2065 propinquitate
843 1992 873 2045 et
885 2003 978 2064 aquae
990 1990 1020 2045 et
1032 1983 1104 2045 salis
1117 1984 1207 2063 copia,

105 2084 120 2136 6
142 2070 225 2131 cuius
240 2088 346 2149 magna
365 2069 407 2131 vis
423 2069 481 2130 iam
498 2090 534 2130 ex
548 2070 690 2148 proximis
706 2077 769 2131 erat
784 2070 884 2131 salinis
906 2090 942 2131 eo
958 2077 1110 2149 congesta.
1141 2069 1208 2132 Non

140 2156 263 2218 materia
275 2155 466 2216 multitudine
482 2155 631 2228 arborum,
648 2173 710 2216 non
726 2157 921 2229 frumentum,
944 2155 1027 2217 cuius
1044 2164 1131 2218 erant
1144 2156 1207 2237 ple-

140 2242 255 2304 nissimi
271 2242 342 2321 agri,
360 2243 486 2302 delicere
498 2248 622 2320 poterat.
653 2242 755 2322 ltaque
771 2242 907 2303 omnium
920 2260 1044 2303 suorum
1057 2260 1207 2305 consensu

141 2328 229 2390 Curio
245 2328 375 2406 reliquas
394 2327 490 2407 copias
507 2335 678 2407 exspectare
695 2335 724 2389 et
739 2329 850 2389 bellum
866 2329 976 2390 ducere
990 2328 1123 2408 parabat.

226 2413 275 2475 38.
298 2413 351 2475 His
368 2413 539 2475 constitutis
560 2413 650 2475 rebus
666 2413 857 2495 probatisque
877 2414 1006 2476 consiliis
1021 2433 1059 2477 er
1073 2414 1207 2495 perfugis

140 2500 316 2580 quibusdam
338 2499 493 2579 oppidanis
516 2500 598 2561 audit
619 2500 720 2561 lubam
742 2509 914 2562 revocatum
934 2500 1062 2562 finitimo
1083 2501 1164 2565 bello
1179 2507 1209 2563 ot

140 2585 351 2648 controversiis
365 2585 591 2666 Leptitanorum
613 2586 758 2655 restitisse
773 2587 805 2647 in
821 2604 923 2665 regno,
946 2587 1123 2662 Saburram,
1145 2586 1207 2650 eius

139 2673 338 2753 praelectum,
361 2691 428 2733 cum
447 2671 647 2733 mediocribus
664 2672 756 2751 copiis
778 2672 904 2734 missum
923 2672 1022 2734 Uticae
1043 2674 1207 2754 appropin-

104 2778 239 2839 2quare.
270 2758 324 2820 llis
346 2758 514 2820 auctoribus
535 2766 650 2820 temere
672 2759 798 2820 eredens
820 2758 978 2821 consilium
999 2767 1165 2822 commutat
1179 2766 1208 2821 et

139 2897 299 2962 (concentus).
310 2925 343 2933 -
355 2896 464 2946 insolens
476 2895 533 2946 belli
544 2897 593 2947 wie
605 2898 646 2945 in·
699 2912 767 2961 gang
775 2912 825 2947 von
837 2896 910 2963 longe
925 2898 988 2947 noch
1005 2895 1032 2946 B.
1046 2894 1076 2947 G.
1090 2898 1116 2960 5,
1129 2898 1172 2965 4⁷,
1181 2898 1208 2963 53

139 2966 280 3029 auctus-tl,
295 2964 341 3028 44,
360 2964 386 3026 4)
403 2965 450 3014 mit
468 2962 553 3015 Genit.
582 2964 645 3019 Sall.
701 2966 812 3030 7,16,1.

140 3034 195 3085 Cat.
208 3033 232 3096 3,
244 3035 272 3083 t:
284 3031 394 3082 insolens
405 3033 531 3083 malam
542 3035 646 3085 artiora.
734 3034 758 3084 1.
781 3033 846 3084 duae
862 3035 982 3099 mnes.-
1000 3033 1052 3086 ‘die
1064 3033 1166 3086 beiden'
1182 3035 1207 3086 ir

140 3099 344 3167 —prequiburd
359 3101 646 3167 Caesarisinaebenffr
700 3103 808 3154 Sicilien
828 3102 1091 3169 zuriickgebliebenen
1114 3102 1205 3168 Legio·

141 3188 162 3221 c.
178 3170 222 3233 16,
236 3169 259 3220 3.
277 3199 308 3206 —
329 3174 472 3220 conuentus:
494 3170 515 3228 1,
529 3170 567 3233 14,
580 3172 608 3233 53
622 3170 647 3235 2,
701 3188 761 3234 nen3
784 3172 848 3222 deun
865 3172 923 3223 viar
941 3174 1012 3222 batte
1035 3187 1065 3222 er
1082 3173 1207 3239 erbalten,

142 3238 182 3304 19,
196 3238 218 3287 3.
231 3236 264 3274 ’-
274 3239 319 3302 qui
326 3242 462 3288 commeat:
475 3254 525 3287 von
535 3238 581 3290 der
589 3238 647 3304 Art,
699 3256 719 3290 a.
732 3257 754 3292 c.
767 3239 809 3306 23,
823 3242 845 3293 l.

140 3308 198 3358 dass
217 3333 258 3355 -.
274 3323 295 3356 c.
309 3305 356 3369 29,
370 3305 396 3355 2:
410 3322 493 3372 georas
507 3307 646 3372 dominum,
735 3311 759 3360 6.
781 3309 940 3360 meditamina
952 3309 1072 3359 oeberum
1089 3309 1205 3361 cansam

140 3378 184 3426 eui
193 3374 282 3426 liceret.
306 3374 359 3426 Der
376 3374 520 3427 Conventus
533 3392 589 3427 war
600 3392 646 3427 aus
700 3377 759 3429 Abl.
789 3377 814 3428 S.
831 3395 863 3429 zu
879 3379 905 3428 B.
924 3375 954 3428 G.
967 3378 996 3441 3,
1013 3376 1059 3440 29,
1077 3376 1105 3428 ἵε
1129 3379 1205 3430 eond-

141 3444 238 3495 Leutcn
267 3443 466 3496 verschiedener
495 3445 648 3510 politiscber
700 3448 821 3498 numtone
837 3448 956 3498 loedriam
973 3445 1144 3512 subpallidus
1159 3448 1205 3497 mt-

142 3511 289 3576 Gesinuung
304 3512 441 3578 gemisclrt,
462 3529 490 3564 so
507 3514 566 3565 dass
584 3513 648 3565 auch
701 3515 757 3566 lites
770 3519 899 3568 continere
909 3531 961 3566 non
972 3516 1062 3581 potuit.

141 3598 190 3631 von
204 3581 290 3633 dieser
299 3581 369 3632 Seite
381 3582 441 3635 lrein
453 3582 648 3635 entscbiedener
737 3573 790 3636 88.
814 3586 835 3635 1.
862 3601 896 3636 aa
916 3584 1039 3651 perfugia
1059 3583 1144 3635 eradit.
1172 3584 1206 3635 Er

143 3649 311 3701 Widerstand
320 3667 352 3701 zu
365 3659 493 3704 erwarten
504 3667 567 3703 war.
702 3653 765 3705 liess
782 3654 837 3705 sich
850 3655 928 3704 durch
945 3653 1003 3703 eine
1014 3650 1113 3704 ialscbe
1124 3653 1206 3705 Neob-

176 3709 228 3773 37.
256 3719 276 3771 Ῑ.
301 3719 370 3786 fides
383 3721 448 3786 fleat
466 3737 519 3772 non
533 3723 647 3786 poterat:
701 3721 933 3786 riebtverliibrcn,
949 3721 991 3772 die
1008 3719 1074 3769 Juba
1090 3720 1206 3774 ver-brei-

141 3789 190 3853 εἰς.
203 3805 231 3840 es
242 3788 337 3840 konnte
346 3790 405 3841 kein
419 3789 517 3841 Glaube
527 3789 647 3854 bewirlrt,
700 3798 767 3855 tete,
780 3792 910 3859 φοβηθεὶς
919 3784 959 3909 qrb
970 3788 1015 3839 καὶ
1027 3779 1205 3870 apparuerim.

141 3858 212 3909 nieht
234 3858 344 3910 bewirkt
361 3859 477 3923 werden,
497 3859 555 3909 dass
573 3873 602 3909 cr
619 3873 646 3909 es
699 3876 745 3916 νος
757 3860 826 3924 (dass
839 3875 868 3910 er
879 3859 918 3911 sel
936 3866 960 3908 st
977 3856 1024 3906 mit
1036 3871 1120 3909 emens
1137 3859 1205 3910 zalal·

140 3927 251 3989 glaubte.
273 3927 298 3978 S.
311 3945 342 3977 zu
354 3928 380 3977 B.
395 3925 425 3979 C.
439 3927 464 3991 6,
474 3927 515 3991 41,
528 3926 552 3977 2.
700 3929 803 4003 reicben
818 3929 901 3979 Heerc
920 3926 1028 4003 lqommc)
1049 3925 1203 3995 ἐξαναχθείη

175 3995 197 4047 3.
223 3995 296 4063 longe
311 3997 401 4047 abacos.
431 3995 507 4047 Dicae
522 3992 646 4047 llinzuiri·
700 3988 1203 4070 (οὐγαρπουάπωσασθαιαὺιὸνμᾶλ-
