2572 4424
118 253 159 315 84
512 246 785 302 oucuccocrvur

81 424 96 472 6
117 426 216 489 neque
230 406 357 467 rrmltunr
370 425 386 466 a
399 405 568 466 maturitate
581 405 719 477 aberant3
736 423 768 466 ae
776 405 906 467 civitates
914 405 1097 480 exinanitae,
1105 409 1178 488 quod

116 493 255 554 Afranius
262 510 357 572 paene
370 510 459 553 ornne
472 492 659 553 frumentum
672 498 741 553 ante
748 491 880 553 Caesaris
887 493 1052 555 adventum
1058 493 1178 557 Ilerdam

118 584 308 651 convexerat,
321 578 426 660 reliqui
447 578 471 639 si
492 577 564 658 quid
583 578 695 651 fuerat,
722 578 829 639 Caesar
851 578 1059 658 superioribus
1081 580 1178 643 diebus

117 674 357 745 consumpserat3
369 683 485 744 pecora,
498 664 578 744 quod
590 664 756 726 secundum
771 671 887 743 poterat
902 684 968 727 esse
980 664 1103 746 inopiae
1115 666 1180 733 sub-

118 751 241 824 sidium,
257 760 378 831 propter
398 751 508 812 bellurn
528 750 671 812 finitimae
692 751 825 812 civitates
845 752 962 831 longius
982 762 1178 817 removerant

81 852 96 901 7
118 836 175 912 Qui
191 845 275 898 erant
292 837 451 917 pabulandi
473 832 528 899 aut‘
541 836 745 898 irumentandi
760 856 846 899 eausa
860 838 1024 918 progressi,
1039 839 1099 901 hos
1112 840 1180 906 levis

118 931 283 985 armaturae
299 922 435 985 Lusitani
450 922 597 1003 peritique
619 942 720 985 earum
741 923 899 1001 regionum
915 925 1020 987 cetrati
1037 926 1180 989 citerioris

118 1009 275 1088 Hispaniae
291 1009 553 1081 consectabantur3
574 1008 682 1089 quibus
703 1016 766 1072 erat
782 1011 909 1089 proclive
924 1018 1044 1073 tranare
1059 1013 1180 1086 flumen,

117 1096 390 1177 quodeonsuetudo
398 1114 502 1157 eorum
511 1095 709 1170 omniumest‚
722 1102 755 1157 ut
766 1094 831 1157 sine
844 1097 961 1160 utribus
973 1099 1180 1163 adexercitum

118 1200 179 1244 non
196 1191 274 1245 eant.

202 1268 252 1330 49.
283 1269 321 1329 At
337 1266 484 1329 exereitus
500 1266 614 1327 Afranii
630 1267 765 1328 omnium
787 1286 888 1329 rerum
903 1268 1074 1333 abundabat
1092 1272 1180 1352 copia.

117 1355 243 1415 Multum
265 1362 327 1415 erat
347 1354 536 1415 frumentum
556 1353 709 1432 provisum
730 1361 761 1415 et
781 1361 960 1417 convectum
974 1356 1181 1436 superioribus

117 1440 318 1520 temporibus,
336 1441 464 1501 multum
486 1458 522 1500 er
543 1439 626 1500 omni
640 1440 790 1519 provincia
806 1441 1063 1521 comportabatur3
1079 1461 1182 1526 magna

80 1540 96 1589 2
118 1526 202 1606 copia
217 1527 317 1607 pabuli
331 1526 517 1606 suppetebat.
549 1525 659 1587 Harum
680 1526 817 1588 omnium
832 1545 933 1589 rerum
948 1526 1105 1591 facultates
1121 1528 1182 1591 sine

117 1613 177 1674 ullo
189 1613 320 1691 periculo
333 1631 410 1692 pons
422 1612 533 1673 Ilerdae
549 1611 709 1692 praebebat
726 1621 755 1672 et
766 1613 829 1675 loca
840 1622 922 1675 trans
934 1614 1049 1678 flumen
1061 1616 1181 1697 integra,

117 1718 176 1779 quo
192 1699 316 1760 omnino
332 1700 439 1760 Caesar
454 1699 534 1759 adire
550 1716 612 1759 nen
627 1706 753 1778 poterat.

202 1785 251 1844 50.
282 1785 343 1845 llae
355 1792 588 1864 permanserunt
600 1803 692 1865 aquae
705 1785 768 1845 dies
781 1784 958 1864 complures.
986 1785 1121 1850 Conatus
1140 1795 1183 1849 est

116 1869 223 1930 Caesar
238 1870 359 1931 relicere
375 1879 499 1950 pontes3
514 1870 566 1930 sed
582 1888 638 1931 nee
652 1870 823 1949 magnitudo
844 1870 975 1932 fluminis
992 1874 1183 1952 permittebat

116 1973 214 2036 neque
230 1957 266 2016 ad
281 1956 376 2036 ripam
389 1957 550 2035 dispositae
566 1956 704 2017 cohortes
722 1956 956 2018 adversariorum
970 1959 1074 2038 perfici
1088 1961 1183 2040 patie-

82 2060 97 2110 2
118 2040 242 2114 bantur3
254 2043 334 2121 quod
347 2043 402 2103 illis
414 2042 571 2122 probibere
584 2050 646 2103 erat
658 2042 742 2103 facile
754 2061 824 2103 curn
835 2042 928 2122 ipsius
939 2044 1072 2105 ssuminis
1079 2054 1183 2108 natura

118 2137 207 2208 atque
220 2147 313 2208 aquae
326 2128 541 2206 magnitudine,
559 2137 621 2188 turn
634 2129 714 2208 quod
727 2147 762 2189 err
774 2128 846 2189 totis
858 2128 930 2207 ripis
942 2128 973 2189 in
986 2146 1082 2192 unum
1095 2140 1182 2212 atque

117 2221 277 2293 angustum
290 2215 388 2275 locum
401 2214 458 2275 tela
470 2213 666 2286 iaciebantur3
679 2222 767 2293 atque
780 2222 842 2275 erat
855 2214 972 2275 difficile
985 2217 1094 2299 eodem
1105 2225 1183 2279 tem-

117 2318 190 2379 pore
205 2300 391 2380 rapidissimo
408 2299 531 2361 flumine
547 2317 637 2379 opera
650 2300 795 2379 perticere
812 2308 842 2360 et
856 2300 913 2361 tela
926 2300 1026 2363 vitare.

203 2385 252 2445 51.
284 2385 446 2447 Nuntiatur
461 2384 581 2446 Afranio
600 2403 722 2463 magnos
739 2393 936 2459 conmreatuS,
953 2387 1004 2465 qui
1019 2387 1077 2449 iter
1092 2387 1182 2450 babe-

116 2469 188 2530 bant
203 2471 239 2530 ad
255 2470 419 2543 Caesarem,
435 2471 471 2532 ad
487 2472 599 2533 flumen
616 2471 796 2531 constitisse.
827 2472 979 2533 Venerunt
994 2491 1030 2533 eo
1042 2473 1182 2552 sagittarii

118 2575 153 2616 er
165 2556 300 2630 Rutenis
317 2558 434 2637 equites
447 2576 483 2617 ex
495 2556 585 2618 Gallia
599 2575 667 2618 oum
680 2556 781 2620 multis
799 2557 888 2620 carris
900 2558 1076 2639 magnisque
1088 2561 1184 2641 impe-

117 2711 158 2763 die
164 2709 264 2763 Itb'rner
273 2713 430 2776 gebraueben
440 2713 547 2777 ktinnen,
558 2713 622 2763 uoeb

117 2797 172 2832 war
192 2797 219 2833 es
241 2783 304 2833 weit
320 2797 403 2847 genug
421 2799 470 2834 ron
487 2783 533 2833 der
549 2779 622 2832 berte

118 2849 239 2915 entiernt,
252 2852 296 2901 das
305 2868 361 2901 marr
374 2867 402 2901 es
411 2852 481 2902 h'aitte
493 2851 532 2901 als
543 2850 622 2903 Vieh-

116 2916 197 2969 futter
208 2921 361 2971 verwenden
373 2920 479 2970 konnen.
500 2919 552 2970 Der
562 2919 622 2969 Satz

116 2986 178 3036 aber
190 3004 219 3036 ae
231 2991 339 3038 eite'tntea
351 2995 399 3038 cet.
417 2990 452 3039 ist
465 2988 534 3037 nicht
547 2987 622 3037 Fort-

116 3062 223 3118 setzung
235 3057 279 3105 des
292 3056 495 3119 RelativsatzeS‚
513 3056 622 3105 soudern

117 3139 146 3173 er
165 3124 201 3173 ist
213 3124 355 3174 coordinirt
366 3126 421 3174 dent
434 3124 509 3174 Satze
525 3127 622 3190 tempus

116 3196 173 3242 erut
188 3191 381 3257 difficillimum.
398 3221 431 3228 -
443 3207 473 3241 ae
489 3207 536 3242 vor
547 3208 560 3241 c
572 3191 622 3241 wie

117 3259 141 3324 3,
155 3260 196 3325 78,
209 3261 237 3324 33
253 3260 279 3310 B.
294 3259 324 3310 G.
339 3261 362 3324 1,
374 3261 416 3323 44,
430 3261 453 3310 2.

150 3328 174 3379 6.
192 3329 340 3379 seeundum:
353 3329 407 3379 ‘das
420 3329 539 3381 niiebste’.

151 3398 175 3447 7.
193 3401 284 3447 cetrati
293 3400 363 3448 citer.
375 3397 444 3466 Hiep.
470 3398 542 3450 Naeb
554 3415 575 3449 c.
589 3398 621 3449 39

116 3481 203 3516 waren
214 3466 255 3516 die
266 3466 391 3516 Cohorten
402 3468 445 3517 des
455 3467 620 3531 diesseitigen

117 3535 240 3600 Spaniens
270 3539 386 3584 scutatae.
423 3536 474 3586 llas
500 3536 622 3587 scbliesst

116 3603 178 3652 aber
199 3603 269 3653 nieht
291 3619 349 3667 aus,
370 3604 429 3654 dass
450 3606 513 3655 aucb
537 3606 621 3668 einige

116 3671 238 3722 Soldoten
256 3671 343 3722 dieser
358 3671 469 3723 Provinz
486 3673 566 3724 leiebt
578 3674 622 3724 be-

116 3739 622 3792 walfnetwarenoderl‘rirdieseuZweclr

24 3808 27 3813 '
115 3807 464 3874 lcicbtbewaffnetwurden3
478 3810 622 3860 denubier-

116 3892 147 3924 zn
165 3893 250 3928 waren
263 3878 436 3942 Ortskundige
453 3878 622 3945 erforderlielr

115 3946 166 3994 und
197 3947 453 3999 Sebwerbewaffnete
485 3948 555 3998 nicbt
590 3962 622 3996 zu

676 2714 810 2765 bruucbeu.
824 2743 856 2750 -
868 2716 921 2764 stne
932 2714 1037 2778 rubelus,
1051 2712 1099 2766 aul
1105 2716 1183 2767 denen

675 2781 714 2832 sie
724 2783 788 2833 iiber
797 2782 839 2834 die
848 2781 939 2833 Fliisse
950 2790 1056 2835 setzten.
1078 2783 1184 2848 bivar,

676 2851 717 2914 27,
742 2853 771 2901 5:
796 2851 905 2918 Hispani
922 2854 977 2901 sine
999 2850 1052 2902 ullu
1072 2853 1139 2904 ariole
1158 2856 1184 2904 iu

675 2924 744 2970 utres
765 2922 913 2970 restituentis
933 2922 1059 2987 eorrmetr'r,
1080 2924 1135 2988 ipsi
1146 2936 1185 2973 ee·

676 2991 723 3038 tide
742 2991 881 3057 suppositis
902 2990 1058 3052 incubantes,
1081 2991 1184 3058 flumen

676 3061 845 3109 decertavere.

680 3150 684 3158 ·
710 3116 763 3177 dl).
782 3127 804 3176 2.
816 3129 931 3192 integra:
945 3128 1008 3177 noch
1020 3130 1186 3191 unverselut,

676 3211 725 3245 von
737 3194 900 3260 Pliiuderuug
910 3196 1057 3261 versehont,
1073 3212 1127 3247 reon
1138 3215 1186 3248 ee·

676 3265 780 3312 tranuito.
798 3291 832 3300 -
847 3262 911 3328 locu,
925 3279 981 3330 quo.
1007 3262 1058 3315 Das
1069 3263 1185 3318 Advcrb.

676 3330 722 3381 auf
731 3331 772 3381 ein
783 3332 912 3384 Substant.
923 3332 1042 3398 beregen,
1055 3333 1107 3385 wie
1118 3332 1187 3386 b'iter

676 3399 717 3450 bei
735 3399 820 3450 C'aisar.
849 3401 873 3451 S.
895 3401 921 3452 B.
945 3400 975 3452 G.
996 3401 1019 3467 1,
1035 3402 1078 3467 42,
1095 3404 1126 3453 5:
1142 3402 1186 3454 de·

675 3470 762 3519 tractio
777 3472 858 3534 equis,
880 3485 908 3519 eo
924 3468 1077 3536 legionarios
1091 3471 1187 3523 trribtes

675 3540 808 3605 trapeam.

709 3666 762 3725 50·
789 3674 813 3724 2.
834 3691 868 3724 eae
887 3676 946 3725 totis
966 3677 1044 3743 ripis:
1070 3692 1122 3728 von
1140 3679 1187 3730 der

675 3759 771 3807 ganzes
794 3742 958 3795 Userstrecke
979 3759 1033 3795 aus.
1054 3772 1087 3781 -
1110 3750 1186 3813 atque

675 3815 826 3878 erogantem:
844 3812 907 3863 ‘und
920 3812 1017 3879 zwar',
1038 3813 1102 3865 ‘und
1119 3817 1186 3867 noch

676 3880 755 3998 ἐπ’.
775 3909 809 3919 -
830 3880 993 3950 rapidissimo
1010 3882 1138 3948 flumine:
1163 3901 1185 3935 e.

694 3979 718 4013 .,
748 3985 754 3998 .
