2572 4424
49 3038 52 3042 *
153 3014 209 3064 halt
221 3030 303 3078 genug
314 3016 430 3079 gelegen‚
442 3016 492 3065 und
506 3015 586 3066 Ciisur
598 3015 664 3066 hielt

163 287 225 349 210
557 281 832 335 nunnunoctvuu

124 456 140 505 6
161 449 240 501 rum.
269 439 368 500 Nostri
385 457 462 511 vero,
479 439 530 517 qui
544 438 614 499 setis
631 437 778 500 habebant
794 438 859 498 sine
874 438 1054 501 detrimento
1066 437 1230 510 discedere,

158 525 359 605 compluribus
375 524 538 585 interiectis
555 543 571 581 v
587 524 710 584 omuino
726 541 851 585 suorum
865 523 983 584 emissis
998 523 1185 602 quietissime
1197 543 1229 585 se

157 618 336 691 receperunt
354 612 500 690 pauloque
517 610 589 671 citra
604 629 673 670 eum
688 610 787 672 locum
803 609 909 671 morati
923 609 986 671 eliis
1002 610 1229 690 comprehensis

159 698 281 758 collibus
292 696 476 758 munitiones
491 697 690 776 perfecerunt.

244 783 294 842 47.
315 782 387 843 Erat
409 800 485 842 nova
506 790 536 842 et
557 781 696 842 inusitate
711 781 777 842 belli
796 780 870 841 ratio
891 798 959 841 cum
976 787 1019 840 tot
1039 781 1226 843 castellorum

158 886 284 930 numero
300 876 443 949 tantoque
459 867 555 947 spatio
571 875 600 928 et
614 868 705 928 tentis
718 866 933 928 munitionibus
946 874 975 927 et
986 874 1050 928 toto
1062 865 1229 928 obsidionis

123 962 137 1010 t
158 973 275 1034 genere,
288 962 352 1016 tum
366 953 455 1016 etium
468 952 590 1032 reliquis
601 953 701 1013 rebus.
728 953 803 1014 Num
816 953 996 1032 quicumque
1008 953 1136 1014 alterum
1149 941 1229 1014 obsi-

159 1043 229 1102 dere
242 1041 339 1102 conati
351 1049 430 1113 sunt,
446 1040 599 1119 perculsos
611 1047 699 1118 etque
711 1039 846 1099 infirmos
858 1039 958 1099 hostes
969 1038 1066 1099 adorti
1077 1046 1130 1100 aut
1141 1058 1229 1119 proe-

64 1121 67 1129 '
159 1128 196 1187 lio
213 1135 368 1206 superatos
384 1134 435 1187 aut
449 1125 545 1204 eliqua
561 1124 725 1185 offensione
742 1131 895 1204 permotos
917 1123 1143 1198 continuerunt,
1160 1143 1227 1185 oum

123 1221 137 1269 3
162 1213 217 1291 ipsi
231 1230 359 1273 numero
372 1211 508 1291 equitum
521 1210 919 1290 militumqueprcestsrent3
931 1229 1018 1271 cause
1032 1218 1132 1271 autem
1146 1210 1227 1271 obsi-

159 1298 256 1358 dionis
272 1298 344 1358 haec
356 1297 419 1358 fere
432 1316 499 1358 esse
512 1296 674 1369 consuevit,
691 1305 725 1358 ut
736 1296 889 1357 frumento
902 1296 1006 1356 hostes
1020 1296 1225 1375 prohiberent.

96 1403 99 1410 ‘
158 1386 195 1444 At
211 1393 274 1445 tum
291 1384 421 1462 integras
436 1391 525 1463 atque
538 1383 704 1443 incolumes
716 1383 814 1462 copias
827 1382 934 1443 Caesar
945 1382 1088 1443 interiore
1100 1382 1226 1444 militum

159 1487 285 1530 numero
301 1469 482 1543 continebat,
505 1486 573 1529 cum
588 1468 630 1528 illi
645 1468 780 1529 omnium
803 1486 904 1529 rerum
920 1467 1003 1547 copia
1024 1468 1227 1541 abundarent3

122 1563 138 1612 4
160 1556 267 1616 cotidie
275 1556 356 1616 enim
365 1554 630 1634 magnusundique
642 1554 763 1616 navium
775 1571 921 1615 numerus
934 1553 1139 1628 conveniebat
1153 1573 1227 1635 quae

156 1650 355 1703 commeatum
368 1648 589 1721 supportarent,
606 1658 704 1719 neque
717 1641 794 1701 ullus
806 1641 877 1700 llare
888 1648 998 1702 ventus
1009 1647 1136 1720 poterat,
1153 1641 1226 1721 quin

119 1737 134 1784 5
156 1727 251 1808 aliqua
273 1748 308 1788 ex
328 1736 412 1806 parte
436 1726 602 1787 secuudum
624 1745 745 1787 cursum
767 1726 919 1787 haberent.
953 1725 1019 1805 lpse
1037 1721 1138 1787 autem
1155 1744 1227 1787 con-

154 1814 282 1893 sumptis
304 1813 444 1874 omnibus
466 1813 552 1891 longe
574 1813 691 1893 lateque
713 1811 872 1873 frumentis
895 1811 1020 1872 summis
1045 1821 1107 1873 erat
1127 1811 1158 1872 iu
1174 1831 1227 1873 un-

154 1899 269 1976 gustiis
307 1898 366 1959 Sed
387 1907 487 1959 tamen
515 1899 587 1958 haec
614 1898 755 1976 singulari
777 1897 919 1977 patientia
945 1897 1053 1958 milites
1079 1897 1225 1960 ferebant.

119 1992 135 2040 c
156 1983 398 2044 Recordabantur
419 1984 500 2045 enim
517 1985 621 2044 eadem
638 2003 669 2044 se
685 1985 839 2063 superiore
854 2001 933 2044 enno
948 1983 980 2043 in
996 1983 1141 2062 Hispania
1156 2003 1225 2065 per-

156 2088 262 2148 pessos
276 2069 374 2131 labore
387 2079 417 2129 et
428 2069 572 2148 patientia
584 2070 747 2131 maximum
758 2068 869 2130 bellum
882 2068 1059 2142 confecisse,
1075 2072 1225 2131 memine-
1266 2108 1274 2115 „

157 2161 223 2215 rant
245 2156 280 2216 ad
303 2154 431 2215 Alesiam
447 2173 585 2234 magnam
601 2175 634 2215 se
655 2155 787 2235 inopiam
808 2173 984 2235 perpessos,
1012 2154 1109 2217 multo
1137 2157 1224 2218 etiam

157 2241 301 2303 maiorem
321 2240 357 2302 ad
373 2241 530 2302 Avaricum
552 2241 748 2302 maximarum
764 2261 796 2302 se
811 2241 945 2320 gentium
967 2241 1097 2303 victores
1113 2242 1224 2304 disces-

188 2397 212 2446 o.
238 2397 267 2448 V
292 2400 392 2447 connino
420 2412 526 2447 summm
548 2399 658 2447 omissis.
715 2400 867 2463 offensione:
889 2396 1011 2461 duston,
1032 2396 1129 2462 Unfcll,
1148 2401 1224 2450 πταῖ-

155 2463 202 2515 Die
226 2466 331 2530 geringe
355 2466 420 2516 Zabl
443 2466 490 2517 der
511 2464 680 2518 Gelalleueu-
715 2480 779 2536 σμα,
792 2466 875 2530 vergl.
893 2466 955 2516 oben
972 2483 994 2516 c.
1013 2467 1037 2529 8,
1055 2466 1070 2515 2
1087 2467 1221 2531 offenders

154 2535 278 2597 gilthier,
292 2535 587 2586 wieauchendcrwiirts
599 2537 662 2586 tihn-
716 2564 748 2572 —
770 2538 956 2585 mnttuucmut:
977 2534 1178 2588 einschliessen:
1192 2564 1223 2573 —

154 2603 222 2653 liobe
246 2602 365 2666 Angeben
390 2604 436 2653 der
459 2604 594 2667 Verluste,
619 2602 662 2654 tur
714 2606 826 2670 equitum
838 2603 1000 2668 militumque.
1024 2604 1051 2654 S.
1064 2621 1096 2654 zu
1112 2607 1190 2670 1,5t‚
1203 2605 1223 2654 1.

154 2672 239 2752 weuig
263 2671 483 2753 warrscheiuliclr.
520 2672 549 2754 ⁸:
569 2672 662 2736 jcdocln
750 2705 773 2754 4¹
799 2717 877 2768 mque
893 2703 960 2754 uum
972 2703 1043 2770 Μ
1063 2708 1153 2755 mh„
1165 2709 1213 2773 pot·

154 2740 222 2790 Μ’
236 2758 258 2806 Ρ·
278 2741 316 2790 ¹⁴·
334 2769 367 2776 “
382 2740 507 2807 pamm
524 2747 588 2791 mm
604 2757 662 2791 Μ’
716 2773 917 2838 quio-Imberent.
932 2741 1224 2841 PlutPompbbzllop³

154 2809 232 2889 ΨΜ
251 2839 267 2846 “
281 2811 449 2890 limmat·
479 2809 603 2874 Obgleich
616 2811 663 2890 Ψ
748 2829 783 2891 'i'o
816 2841 939 2891 κατέλαε
981 2844 1047 2891 mola
1066 2841 1111 2890 καὶ
1151 2830 1158 2849 ’
1182 2858 1211 2891 ου

154 2877 663 2943 Femdzuruckgeschlugeuwur,schreu
716 2859 755 2925 ἷῖη
784 2858 796 2898 ς
888 2845 927 2923 ,β
959 2856 981 2907 χ
993 2891 1013 2923 ,⁸
1128 2859 1182 2892 ⁷⁰⁷¹
1212 2857 1224 2896 ς

155 2948 218 2996 doclr
231 2947 298 2996 wohl
311 2947 357 2997 der
366 2946 449 3011 Hiigel
459 2947 529 2997 nicht
538 2947 664 2998 vortheil-
716 2909 1016 3044 {Qaitsseiimixfflcoe
1034 2908 1225 3046 3ίῖἰῖἶῖἵὶ

155 3098 183 3131 es
204 3085 268 3131 uach
289 3084 335 3132 der
354 3087 501 3147 gemachtcn
518 3084 663 3146 Erlnhruug
716 2997 920 3164 καὶρῖατάὲῳς
936 3016 1085 3130 ἓπῖᾆόρουὲ
1098 3050 1154 3104 τοῖς
1169 3045 1224 3122 ἐπ”

155 3151 369 3215 iugmuuu,
385 3152 662 3203 sutrinensis
716 3115 1224 3236 {32}g’⁶p„'“,¹?“²,55¹‘3?,Wgffl

155 3219 287 3284 Pompeius
305 3220 420 3285 weniger
438 3223 517 3271 nuhcn
531 3220 614 3270 Punlt
630 3237 661 3268 zu
717 3201 888 3326 στρατιὰνξ
919 3201 1048 3323 χρὴμξαέ
1061 3201 1223 3322 mmmm?

155 3287 663 3351 V

188 3418 241 3476 47.
268 3427 292 3476 2.
319 3429 402 3476 conati
420 3431 479 3477 mint
499 3454 516 3461 -
537 3428 662 3476 conlocuc-
751 3426 774 3476 b.
799 3425 885 3475 eadem
904 3427 964 3474 -in
985 3424 1106 3491 Hc'spmrt‘c
1124 3441 1223 3494 perpec-

153 3499 220 3544 runt.
261 3494 297 3544 Es
320 3495 431 3545 lounteu
454 3495 525 3558 bier,
550 3510 589 3543 wo
614 3510 663 3544 von
716 3509 765 3543 sos.
791 3494 816 3543 S.
832 3494 854 3557 l,
873 3491 995 3544 esest.
1010 3493 1223 3545 —adAlestinm

154 3565 218 3626 dem,
231 3562 606 3627 wesgewiihulicltgeschieht,
621 3562 663 3611 die
717 3562 764 3613 nie
793 3561 964 3625 Sobilderuug
992 3561 1039 3612 der
1066 3561 1224 3627 Belngcrung

155 3630 223 3681 llede
244 3631 287 3693 ist,
308 3633 371 3681 auch
389 3631 539 3682 Praesentia
560 3632 662 3692 stehen,
717 3646 766 3680 von
779 3630 869 3680 Alesia
882 3630 907 3679 B.
922 3627 952 3680 G.
966 3631 990 3692 t,
1002 3628 1035 3682 68
1048 3646 1073 3679 ιι.
1085 3628 1149 3696 lclg.
1170 3631 1223 3683 Von

156 3700 197 3749 die
206 3698 325 3750 Perfecto
334 3701 426 3750 dienen
436 3700 664 3762 zurbezeichnuug
717 3700 799 3749 ciuem
811 3698 914 3762 Mcugel
929 3713 961 3749 un
974 3696 1177 3751 Lebensrnitteln
1191 3699 1223 3749 in

155 3767 663 3831 dessen,wessoustoderbisherimmer
717 3767 858 3828 riimiscben
881 3766 964 3817 Heere
992 3766 1029 3817 ist
1052 3767 1141 3818 iudess
1168 3769 1223 3817 dert

155 3838 294 3898 geschehen
308 3837 350 3887 ist.
374 3836 501 3886 Achnliclr
513 3837 537 3900 2,
556 3835 597 3899 32,
620 3837 663 3885 ld!
716 3836 837 3900 uirgeuds
851 3835 892 3885 die
902 3834 983 3898 llede3
995 3835 1222 3899 angedeutctwird

155 3904 293 3954 sedtamen
304 3903 450 3955 sutlcdoris
464 3904 557 3954 milites
567 3919 662 3971 ccruper
717 3921 745 3955 er
765 3904 808 3956 bei
829 3901 899 3954 Ct'ss.
919 3903 968 3953 Dic
989 3904 1031 3968 40,
1053 3905 1087 3953 td
1109 3904 1221 3971 [Bentley

154 3974 244 4021 omre
262 3971 318 4022 cotti
330 3974 446 4038 premia
461 3974 607 4040 petit-emm,
629 3997 661 4008 -
714 3971 770 4022 hiilt
789 3970 832 4022 die
852 3969 896 4023 W.
916 3972 1083 4023 minorant
1098 3996 1113 4008 -
1131 3970 1220 4024 deiect-
