2572 4424
473 266 490 316 l.
503 265 543 317 25.
558 265 598 316 26.
655 274 659 280 ’
1028 260 1066 335 61

78 422 309 496 rdministrabat,
326 429 360 483 ut
380 420 571 483 condiciones
592 421 672 501 pacis
688 421 877 486 dimittendas
893 442 954 484 non
969 426 1070 488 existi-

78 517 117 583 at3
143 529 177 571 ac
195 509 312 572 tametsi
334 525 511 588 magnopere
535 506 735 570 admirabatur
754 509 895 589 Magium,
924 515 1069 589 quemad

77 595 177 674 poium
193 613 261 656 cum
281 592 428 656 mandatis
448 592 583 666 miserat,
603 594 638 655 ad
655 613 687 655 se
707 611 769 655 non
789 594 914 670 remitti,
930 602 1019 677 atque
1035 618 1069 661 ea

78 694 155 760 aepe'·
165 687 307 759 temptata
322 679 377 741 etsi
392 679 521 758 impetus
537 677 600 740 eius
616 679 796 759 consiliaque
809 680 952 756 tardabat,
968 690 1067 745 tamen

78 766 142 828 ibus
157 765 245 828 rebus
261 766 343 827 ineo
359 765 606 845 perseverandum
621 765 751 844 putabat.
789 767 892 846 ltaque
908 767 1066 830 Caninium
1087 779 1102 829 3

78 853 139 912 lum
155 853 296 931 legatum,
311 851 484 912 familiarem
505 850 766 931 necessariumque
782 852 919 914 Scriboni
933 853 1065 928 Libonis,

78 943 93 997 ,t
104 937 141 999 ad
153 956 221 998 cum
233 935 371 1016 colloquii
383 955 484 1008 causa3
500 937 628 1008 mandat,
640 945 674 997 ut
679 936 824 999 Libonem
837 939 872 999 de
884 940 1067 1003 concilianda

83 1023 233 1097 hortetur;
249 1021 405 1101 imprimis,
421 1027 454 1083 ut
465 1019 529 1100 ipse
541 1040 609 1082 cum
621 1022 761 1102 Pompeio
774 1024 999 1104 colloqueretur,
1012 1046 1068 1106 po-

78 1116 106 1169 t:
128 1127 305 1189 magnopere
324 1126 389 1170 sese
405 1107 552 1168 confidere
568 1108 766 1182 demonstrat,
782 1109 806 1170 si
822 1109 886 1172 eius
900 1110 943 1171 rei
958 1111 997 1173 sit
1011 1132 1067 1192 po·
1088 1126 1105 1174 4

78 1214 91 1256 s
110 1194 200 1268 lacta,
216 1195 294 1268 fore,
310 1201 344 1254 ut
365 1193 467 1273 aequis
483 1192 705 1255 condicionibus
726 1193 762 1256 ab
777 1194 868 1258 armis
884 1196 1051 1258 discedatur
1059 1194 1070 1271 3'
1132 1245 1135 1249 ,

78 1279 141 1341 srei
154 1299 290 1359 magnam
301 1285 415 1359 partem
426 1277 520 1340 laudis
533 1285 620 1358 atque
632 1278 859 1342 existimationis
875 1283 911 1343 ad
922 1281 1066 1344 Libonem

78 1371 218 1438 enturam,
234 1365 258 1425 si
274 1365 323 1426 illo
339 1372 457 1426 auctore
473 1372 560 1443 atque
575 1371 678 1444 agente
692 1364 728 1426 ab
744 1366 834 1429 armis
845 1366 884 1428 sit
895 1365 1079 1429 discessum..

96 1471 113 1513 a
134 1450 281 1531 colloquio
303 1449 409 1512 Canini
431 1449 578 1529 digressus
606 1451 642 1512 ad
664 1451 841 1530 Pompeium
860 1453 1064 1532 proficiscitur.
1088 1473 1103 1520 5

78 1557 92 1598 o
108 1544 176 1616 post
190 1536 356 1610 renuntiat,
373 1536 453 1615 quod
468 1536 605 1597 consules
621 1535 734 1609 absint,
750 1533 815 1598 sine
830 1537 886 1598 illis
902 1556 964 1600 non
979 1558 1067 1619 posse

79 1622 336 1702 ecompositione.
366 1621 409 1683 lta
429 1620 546 1700 saepius
567 1639 631 1682 rem
645 1621 755 1702 frustra
774 1629 946 1702 temptatam
962 1625 1067 1687 Caesar
1088 1643 1104 1692 o

78 1708 158 1769 ‚ando
174 1707 381 1769 dimittendam
396 1706 453 1767 sibi
468 1705 579 1768 iudicat
594 1714 623 1767 et
638 1707 674 1768 de
689 1707 765 1768 bello
781 1710 936 1788 agendum.

79 1848 200 1896 rimam
216 1845 302 1895 rubuit
319 1843 414 1896 civili
429 1859 505 1894 sao·
559 1842 689 1907 booiLtb,
706 1845 779 1904 eines
790 1845 906 1911 tbiitigen
917 1814 1067 1912 Arbilngers

78 1931 103 1964 re
114 1911 216 1965 Neroua.
339 1921 342 1928 '
560 1914 604 1964 des
616 1911 764 1979 Pompeius,
776 1917 863 1981 spliter
874 1915 1068 1980 Schwiogerva·

78 1986 113 2033 rto
130 2011 148 2020 -
164 1987 205 2046 ul,
230 1983 257 2032 in
274 1980 506 2033 besobrlinkendcm
560 1989 602 2033 ter
620 1981 664 2032 des
682 1981 754 2032 Sext.
767 1981 909 2049 Pompeius.
927 2010 962 2020 —
974 1987 1068 2051 etipse

95 2073 130 2093 ==
145 2066 228 2115 zwar,
241 2051 303 2102 aber
315 2050 380 2100 doeh
391 2065 435 2115 so,
448 2050 506 2100 dass
561 2049 659 2114 (emar,
687 2049 759 2101 nicht
787 2050 861 2113 Libo)
892 2051 1068 2118 colloqueretur

78 2119 105 2171 ic
118 2119 170 2170 Cic.
184 2120 214 2170 de
227 2119 284 2185 imp.
294 2118 379 2185 Pomp.
392 2119 507 2182 3,8:ita
557 2117 668 2186 pbatubzt
688 2140 706 2160 =
726 2118 784 2168 dass
810 2135 839 2170 er
863 2120 910 2170 mit
933 2118 1067 2188 Pompeius

78 2189 200 2256 pbmunt,
226 2191 255 2237 ut
270 2187 310 2238 illc
325 2187 416 2254 potrus
432 2202 506 2255 rope·
560 2187 683 2252 aproclren
704 2186 808 2238 diirfe.
843 2187 944 2238 Ebenso
968 2188 1021 2240 Cic.
1043 2205 1067 2254 p.

78 2259 253 2322 queregaaoret.
280 2255 317 2305 Er
326 2257 451 2320 begegnct
462 2255 507 2309 da·
560 2254 627 2305 Sest.
649 2255 690 2320 32,
711 2255 758 2306 69:
780 2260 808 2306 ut
827 2254 856 2306 de
872 2272 913 2306 ow
933 2259 1068 2307 conmotus

94 2325 151 2379 dem
163 2323 298 2387 Vorwurf,
311 2324 369 2373 dass
388 2339 416 2374 er
428 2323 507 2373 durch
559 2321 668 2374 dicerent
682 2323 838 2390 flagitabant
855 2346 872 2367 =
890 2329 918 2374 ut
937 2324 1017 2376 dicere
1037 2325 1067 2375 b·-

83 2393 257 2460 Operationcn
275 2393 323 2443 den
335 2390 445 2442 Frieden
460 2407 507 2440 un·
560 2397 638 2454 oeret,·
649 2391 713 2458 Nep.
725 2392 813 2459 Epam.
831 2393 857 2457 4,
869 2393 898 2442 4:
916 2407 974 2443 eum
990 2408 1066 2458 rogo-

78 2463 111 2512 ch
139 2461 321 2512 emachthabo.
340 2488 373 2496 —
390 2459 507 2525 Magium
559 2463 604 2522 ret,
625 2464 654 2510 ut
671 2464 723 2510 tuto
739 2463 828 2511 cadrei.
854 2460 921 2512 Was
934 2461 981 2512 den
994 2461 1068 2514 Tem·

78 2531 95 2595 l,
118 2477 143 2592 ξ)
164 2545 214 2579 non
232 2531 333 2590 retrodi,
352 2528 387 2578 in
399 2528 507 2578 Wider-
560 2529 719 2594 puswechscl
735 2530 846 2580 hortetur
863 2557 880 2566 -
892 2529 1068 2596 colloqueretur

78 2599 159 2649 bmit
176 2599 263 2648 seiner
282 2598 389 2660 eigencn
401 2594 506 2660 Angabe
561 2596 673 2661 terrim,
692 2612 720 2664 so
744 2597 839 2649 kommt
865 2598 983 2649 dersalbe
1004 2599 1068 2649 nach

78 2667 115 2718 ibt
133 2667 213 2717 Ciisar
230 2666 272 2716 bei
292 2666 345 2716 Cic.
364 2665 396 2715 ad
407 2664 462 2716 Att.
482 2664 506 2727 9,
561 2665 643 2714 einen
653 2663 740 2715 Praes.
749 2666 810 2716 hist.
820 2665 862 2715 bei
869 2665 948 2716 C‘asar
958 2665 1068 2730 oft'war,

88 2734 180 2785 Misit
196 2733 231 2784 od
247 2750 287 2783 ore
298 2731 330 2783 Ν.
345 2731 506 2798 Magium
560 2748 634 2782 wcnn
643 2732 686 2783 ein
695 2749 772 2784 nones
782 2734 946 2798 regiercndos
955 2734 1067 2787 Verbum

87 2806 143 2854 otro
169 2807 228 2853 root
252 2817 281 2853 rc
326 2801 376 2851 nbc
414 2801 507 2851 Diescr
561 2800 672 2853 cintritt.
698 2801 722 2850 S.
735 2802 763 2851 B.
777 2800 807 2852 G.
823 2803 845 2865 l,
859 2803 963 2865 7‚3;6,
976 2803 1001 2866 9,
1015 2803 1037 2851 7.

78 2872 149 2923 rbare
164 2871 302 2937 Widerspr
321 2871 351 2920 ch
368 2870 434 2921 liisst
451 2869 507 2919 sich
594 2870 619 2919 4.
637 2871 847 2919 aoeiadmatiooia:
860 2886 882 2919 c.
896 2870 949 2934 7,6
967 2899 1000 2906 —
1018 2886 1066 2920 co-

78 2940 198 3005 seitigen:
218 2939 297 2990 Cdsar
315 2940 388 2989 nahm
405 2937 506 3002 Magius
560 2943 624 2988 etoro
635 2942 708 3003 atquo
719 2943 822 3003 aguam:
841 2939 921 2988 durch
933 2938 999 2989 Rath
1016 2939 1067 2988 und

78 3025 124 3074 gen
142 3008 192 3058 und
205 3008 320 3058 schiclite
334 3008 378 3056 ihn
390 3022 421 3057 an
433 3005 506 3057 Porn-
560 3006 635 3070 That,
647 3006 714 3057 Rath
722 3006 772 3055 und
780 3007 879 3070 thiitige
888 3006 1067 3072 Mitwirlrung,

102 3076 195 3127 Dieser
206 3077 304 3127 machtc
318 3076 396 3138 durclr
405 3075 506 3139 Magius
561 3075 614 3126 Cic.
631 3091 655 3141 p.
673 3075 740 3125 Sost.
759 3075 806 3139 28,
824 3076 871 3126 ol:
889 3075 958 3138 dua,
971 3081 1064 3139 auctor,
1152 3096 1157 3102 ,

78 3144 507 3277 :carcerariorum
559 3143 1067 3212 ΜΗ

78 3251 80 3263 ι
579 3250 586 3276 5
633 3248 639 3260 ·
652 3251 662 3267 e
909 3264 912 3269 .

82 3283 188 3333 wieder.
202 3311 234 3319 —
246 3298 277 3331 ea
287 3297 330 3333 rea
341 3299 360 3330 s.
373 3285 507 3350 temptata:
560 3281 670 3331 babebat.

79 3350 102 3403 ft
119 3353 251 3416 gemachte
269 3351 385 3402 Versuch
406 3348 508 3401 fricdli-
596 3349 754 3402 potaculis
766 3349 980 3402 nachdriickliche
992 3349 1067 3401 Wie-

90 3420 290 3485 Ausgleichung.
321 3447 353 3455 -
383 3420 506 3486 irnpotos:
561 3418 701 3482 derholung
714 3419 758 3468 dos
771 3418 849 3469 sebon
862 3418 888 3468 in
901 3418 1066 3484 quod—ab-

77 3505 117 3554 en,
137 3490 212 3539 rosch
229 3487 448 3539 vorzuscbreiten.
473 3514 507 3523 -
560 3489 612 3536 rim
625 3486 788 3537 euthaltenen
802 3484 927 3537 Grandes.
955 3487 1010 3538 Zur
1021 3486 1067 3537 Sa·

78 3573 114 3608 rua
131 3559 220 3608 rebor:
246 3557 291 3607 anf
312 3556 363 3606 alle
381 3555 506 3620 nrbgliche
560 3555 606 3605 ebe
619 3571 639 3605 s.
652 3572 674 3606 c.
687 3556 729 3619 25,
742 3556 765 3605 2.

78 3622 507 3746 trslrrrduru·
635 3623 1068 3757 despoliatae...
1161 3708 1165 3719 .

91 3766 121 3827 53
135 3763 159 3827 8,
173 3710 240 3827 8513
253 3762 278 3826 6,
292 3763 333 3825 32,
346 3730 386 3811 5.'
559 3775 591 3810 zu
600 3759 743 3825 betreiben,
756 3759 920 3811 ernstlichan
929 3760 977 3809 den
986 3755 1068 3822 Ilrieg

78 3831 213 3884 Caninium
224 3828 337 3880 Rebilum
346 3829 362 3879 i.
374 3828 397 3879 J.
407 3827 507 3879 52110-
559 3843 591 3877 zu
603 3826 708 3878 denken'
722 3828 815 3892 (vergl.
828 3843 860 3877 zu
871 3827 898 3878 B.
912 3825 942 3878 G.
952 3824 1028 3891 7,36,
1039 3827 1067 3877 1:

78 3901 150 3952 boare
162 3899 189 3949 in
204 3895 315 3949 Gallica.
340 3898 365 3963 Ἰ,
378 3895 410 3948 83
421 3911 446 3947 u.
460 3896 505 3960 9⁰3
559 3894 589 3946 de
607 3895 745 3946 obsessione
763 3894 914 3962 agendmm,
937 3893 1008 3949 nicht
1028 3891 1067 3944 ala

101 3967 190 4031 Vorgl.
203 3973 281 4017 unten
294 3967 318 4030 2,
332 3965 373 4016 24.
390 3992 423 4002 -
435 3961 504 4014 Scri·
559 3963 590 4012 ob
603 3977 632 4013 er
643 3963 691 4015 mit
702 3962 880 4027 Ver-stellnng,
891 3962 942 4013 wie
954 3977 1011 4012 man
1022 3976 1067 4025 ge·
