2572 4424
174 294 234 359 tat

572 291 615 343 DE
628 292 735 343 BELLO
746 290 846 343 ClVlLl

169 454 270 527 vectis,
283 470 419 530 aggerem
432 449 500 510 novi
513 449 628 528 generis
641 457 728 529 atque
741 448 908 510 inauditum
921 468 956 509 cx
971 448 1114 533 latericiis
1127 447 1242 512 duobus

170 539 263 601 muris
279 557 384 600 senum
400 537 510 616 predum
525 535 720 597 crassitudine
741 543 827 615 atque
849 553 953 595 eorum
972 554 1129 597 murorum
1145 537 1242 599 conti-

170 625 309 705 gnatione
323 625 420 685 lacere
437 622 632 684 instituerunt
643 641 735 701 aequa
750 622 812 682 fere
825 621 991 693 altitudine,
1007 630 1097 702 atque
1110 622 1160 684 ille
1172 640 1259 683 con·

134 729 150 779 2
171 711 311 790 gesticius
327 730 362 770 ex
380 710 503 789 materia
520 709 617 768 fuerat
632 726 725 787 agger.
758 708 815 768 Ubi
831 714 881 768 aut
896 704 1125 786 spatium'inter
1139 726 1241 769 muros

171 806 221 858 aut
233 796 416 857 imbecillitas
428 795 566 855 materiae
578 796 727 874 postulare
736 794 892 867 videretur,
904 793 981 872 pilae
994 794 1238 873 interponuntur,
1278 826 1284 867 ;

170 882 344 945 traversaria
364 882 445 961 tigna
463 881 638 952 iniciuntur,
664 899 738 959 (puae
760 880 948 940 firmamento
971 898 1037 941 esse
1055 880 1190 959 possint,
1214 888 1240 940 et

171 968 317 1050 quidquid
333 976 378 1029 cst
394 967 595 1047 contignatunr
613 965 740 1026 cratibus
757 965 967 1037 consternitur,
980 972 1076 1027 crates
1089 967 1152 1027 luto
1165 966 1240 1027 intc-
1281 998 1284 1017 =

135 1072 150 1122 3
171 1064 290 1135 guntur.
308 1054 369 1114 Sub
382 1062 459 1114 tecto
472 1053 566 1125 rutiles,
579 1052 680 1113 clostra
697 1070 730 1112 ac
749 1051 870 1113 sinistra
883 1069 968 1111 muro
980 1057 1088 1125 tectus
1102 1053 1239 1114 adversus
1282 1074 1284 1081 ·

170 1141 262 1220 plutei
275 1139 400 1213 obiectu,
413 1140 494 1218 operi
511 1157 714 1218 quaecumque
728 1145 797 1199 sunt
809 1137 878 1198 usui
890 1136 955 1197 sine
967 1137 1103 1215 periculo
1116 1156 1239 1218 supper·

134 1244 150 1293 4
172 1235 223 1288 tat.
258 1226 397 1287 Celeriter
412 1244 458 1287 res
480 1225 718 1286 administratur:
742 1223 875 1284 diuturni
897 1222 1004 1284 laboris
1027 1222 1239 1286 detrimentum
1279 1272 1284 1289 .

172 1312 289 1374 solertia
305 1320 334 1371 et
347 1311 453 1371 virtute
466 1310 595 1371 militum
608 1309 688 1370 lnevi
701 1309 919 1370 reconciliatur.
950 1308 1055 1385 Portae
1071 1309 1185 1389 quibus
1199 1312 1239 1371 lo·
1275 1364 1279 1369 .

173 1398 215 1459 cis
232 1398 350 1458 videtur
364 1396 530 1475 eruptionis
547 1416 634 1457 eausa
650 1396 682 1455 in
698 1414 783 1456 muro
798 1395 1017 1473 relinquuntur.
1269 1388 1284 1463 ’,

261 1484 308 1544 16.
340 1485 426 1557 Quod
438 1482 489 1542 ubi
502 1483 603 1543 hostes
617 1481 764 1555 viderunt,
780 1500 822 1553 ea,
839 1501 913 1560 quae
927 1480 978 1540 diu
990 1481 1239 1561 longoquespatio
1282 1540 1284 1546 ,

173 1567 253 1631 refici
268 1588 328 1630 non
341 1588 427 1649 posse
440 1575 622 1647 sperassent,
641 1586 804 1645 paucorum
817 1566 930 1627 dierum
950 1585 1039 1645 opera
1052 1573 1081 1628 et
1093 1567 1193 1629 labore
1203 1567 1240 1627 ita

172 1657 290 1727 resecta,
306 1664 340 1715 ut
353 1656 451 1716 nullus
469 1654 606 1733 perfidiae
623 1673 718 1732 neque
734 1652 883 1732 eruptioni
898 1652 979 1712 loeus
995 1659 1074 1712 esset
1088 1672 1146 1715 nec
1160 1652 1239 1732 quie·

174 1760 262 1820 quam
275 1741 398 1802 oninino
410 1741 637 1819 relinqueretur,
651 1758 709 1818 qua
720 1747 771 1800 aut
782 1738 849 1798 telis
859 1737 1001 1799 militibus
1013 1746 1064 1800 aut
1077 1738 1141 1818 igni
1148 1737 1240 1819 operi-

169 1965 259 2015 geram
271 1951 329 2000 naci
334 1950 438 2014 g'cnaris
447 1951 518 2014 aqua
528 1946 678 1998 inauditum.

172 2018 219 2067 hia
240 2019 405 2082 Verbindung
423 2020 467 2068 des
486 2015 571 2067 Genit.
589 2017 679 2082 qualit.

171 2087 218 2136 mit
231 2087 313 2137 ciuem
326 2087 490 2137 Adiectivum
503 2087 553 2135 wic
570 2086 596 2134 B.
611 2084 641 2135 G.
656 2086 679 2147 2,

174 2158 213 2219 15,
240 2159 268 2205 5:
292 2158 408 2205 ltorrrincs
425 2157 502 2220 faros
524 2170 680 2219 magnaeque

171 2228 277 2275 uirtutis.
306 2228 329 2287 5,
343 2227 384 2287 35,
398 2226 427 2273 ti:
447 2226 499 2273 cire
505 2225 579 2288 jera
589 2228 612 2272 et
622 2239 677 2272 nra-

168 2310 237 2360 gntae
254 2295 420 2343 auctoritatis.
453 2320 485 2327 —
513 2291 579 2357 qaod
599 2291 678 2341 cende:

172 2361 223 2413 Mit
234 2361 298 2426 arcad
305 2362 410 2424 beginut
423 2362 468 2411 dcr
480 2361 616 2423 Nnchsatz,
626 2376 679 2411 errr-

173 2431 247 2479 nidus
258 2459 291 2465 —
303 2433 422 2480 concreciis
434 2429 505 2493 gicht
518 2430 559 2479 dic
570 2430 681 2494 Bcgriin-

173 2499 240 2562 dung
259 2514 290 2548 zu
308 2498 374 2564 quad
384 2527 416 2534 —
429 2503 483 2548 erat
499 2498 632 2563 reliquum.
648 2527 680 2534 —

174 2570 375 2632 contignatione:
406 2568 489 2617 indem
519 2567 560 2616 die
591 2568 681 2617 beiden

173 2635 278 2686 Manem
298 2638 376 2687 durch
390 2635 487 2687 Geh'ailk
499 2636 546 2686 mit
559 2636 681 2686 einander

173 2704 319 2756 verbunden
332 2721 426 2756 waren.

208 2776 231 2824 2.
252 2778 408 2825 traversaria
433 2777 507 2840 tigna
527 2776 680 2824 iniciuntur:

175 2859 201 2893 es
220 2846 323 2894 werden
338 2844 499 2908 Qucrhulken
518 2844 682 2907 eingczogcn,

176 2929 202 2963 cs
216 2914 281 2962 wird
296 2913 337 2981 ein
351 2912 480 2975 Untcrzug
492 2929 542 2964 von
556 2912 682 2976 Querhal·

177 2981 225 3030 heu
239 2983 361 3043 gemacht.

211 3050 234 3098 3.
262 3048 394 3098 accersas:
421 3050 462 3098 dic
488 3050 617 3112 Soldaten,
642 3048 682 3096 die

178 3118 241 3166 ohcu
260 3118 339 3166 durch
357 3118 401 3166 das
420 3116 564 3180 aul'gclcgte
576 3117 684 3166 Balkcn-

178 3186 256 3246 duch,
283 3200 332 3233 von
360 3187 406 3234 den
430 3186 518 3235 Seiteu
542 3187 620 3235 durch
641 3185 683 3234 die

179 3254 284 3303 blauern
315 3253 423 3315 gedcckt
452 3269 547 3315 waren,
580 3255 684 3303 werden

179 3322 238 3371 ‘von
256 3321 327 3370 vorn'
348 3323 477 3385 (adversa,
505 3322 621 3372 hostibus
640 3322 684 3370 ob-

179 3404 256 3440 versa
276 3396 358 3454 parte,
380 3407 394 3440 a
418 3388 511 3453 fronte)
537 3393 615 3441 durch
637 3392 684 3440 den

179 3456 355 3508 Frontschirm
368 3460 483 3522 gedcckt.

214 3530 237 3576 l.
257 3526 375 3577 ctiutusni
390 3527 482 3577 tatoris
493 3527 684 3577 detrimentum:

180 3596 226 3646 der
244 3595 358 3646 Schadeu
382 3612 413 3646 an
438 3598 483 3647 der
500 3597 686 3659 languicrigcn

178 3665 271 3716 Arbcit
291 3680 321 3723 tc.
343 3667 387 3729 ll,
401 3668 424 3721 lt
446 3665 512 3715 wind
525 3668 623 3715 wieder
640 3672 686 3727 gut

179 3735 303 3798 gemacht,
313 3739 461 3800 reparatur;
468 3736 629 3785 reconciliare
637 3749 686 3784 ron

180 3805 225 3853 der
237 3802 506 3866 Wicderherstellung
516 3794 587 3852 ciu'cr
598 3811 685 3854 unter-

182 3871 333 3935 hrocheuen,
347 3875 478 3934 gentilico
494 3874 542 3921 urrd
555 3873 686 3935 geschmii-

182 3940 264 3989 lei-ten
283 3939 363 3991 Saehc
382 3941 408 3989 in
428 3941 469 3989 ihr
487 3939 602 3990 srirhcrcs
622 3942 687 3993 Ver-

181 4009 304 4072 h'a‘ltuiss3
317 4011 394 4059 daher
404 4024 432 4059 so
443 4008 609 4075 ottgratiarn,
621 4013 686 4060 arrii·

735 1950 833 2011 citiam,
853 1946 1023 2012 concordiam,
1041 1962 1130 2015 pacem
1150 1962 1236 2000 racana
1267 1954 1273 1987 ’-

735 2016 787 2067 cic.
807 2016 876 2066 Fam.
895 2019 919 2081 5,
938 2017 962 2081 2,
982 2018 1010 2067 5:
1027 2016 1095 2083 quasi
1114 2015 1239 2069 sadada

733 2085 895 2135 reconciliata
910 2091 1001 2136 nostra
1016 2089 1118 2150 gratia,
1138 2102 1188 2136 nan
1203 2088 1238 2135 in·

733 2155 828 2219 totiuga,
852 2170 898 2205 cur
918 2155 1174 2205 reconciliatam
1192 2168 1240 2204 crea

732 2222 808 2287 dicas,
826 2240 889 2288 guae
910 2223 1061 2290 nurnguarn'
1074 2227 1241 2274 imminuta
1275 2226 1279 2231 '

734 2297 777 2341 est.
1280 2300 1284 2313 ¹

770 2352 821 2411 16.
843 2362 864 2410 1.
887 2360 958 2423 (laod
967 2361 1012 2410 ubi
1027 2361 1098 2413 nicht
1110 2363 1162 2412 wie
1181 2356 1241 2427 girei
1280 2345 1284 2357 ¹

734 2433 764 2491 si,
786 2429 851 2495 arcad
866 2433 919 2479 nisi
940 2446 986 2479 zur
1008 2430 1177 2495 Verbindung
1198 2430 1239 2479 dar
1274 2448 1284 2491 ,⁴

735 2498 809 2548 Sitne
824 2498 925 2565 (Zumpt
937 2497 953 2563 ξ
966 2498 1015 2548 342
1028 2499 1123 2563 hund,
1136 2499 1240 2549 scudem

722 2567 799 2632 guod
809 2567 896 2618 behhlt
908 2583 956 2617 vor
968 2568 1013 2617 nbi
1028 2568 1079 2617 und
1098 2583 1156 2618 curn
1175 2566 1240 2618 scint
1276 2596 1281 2603 ·

735 2635 1092 2700 Bedcutungalsllelativum,
1106 2638 1158 2686 und
1164 2634 1240 2686 durch

736 2704 783 2754 d'cn
801 2704 936 2768 folgenden
954 2704 1046 2754 Aecus.
1067 2722 1088 2755 c.
1109 2704 1157 2755 lui.
1177 2702 1239 2753 uiri
1281 2746 1284 2772 :

736 2774 781 2823 das
801 2775 880 2823 durch
904 2774 949 2824 das
968 2773 1052 2824 Relat.
1076 2774 1240 2825 Bezeichnctc

736 2842 918 2907 epexegetisch
941 2843 1019 2892 niibcr
1042 2841 1174 2893 bestimmt
1195 2840 1240 2890 und

735 2912 830 2961 n'citer
842 2910 999 2974 ausgeliihrt.
1019 2911 1109 2974 Vergl.
1124 2915 1149 2976 3,
1162 2911 1202 2973 68,
1213 2908 1239 2958 2:

736 2979 819 3045 arcad
847 2996 913 3029 curn
937 2984 1004 3029 esset
1032 2978 1239 3039 asiarradcersun,

737 3051 937 3099 continenciam
983 3063 1051 3097 csse
1097 3047 1240 3113 sturnini.

737 3117 837 3167 Ebenso
856 3118 883 3166 B.
904 3115 933 3167 G.
949 3114 972 3179 3,
990 3117 1031 3179 23,
1044 3117 1074 3165 7:
1095 3116 1179 3181 quod
1193 3114 1241 3167 udi

738 3186 846 3235 Crassus
853 3183 1039 3247 animadvertit,
1054 3201 1129 3235 suas
1140 3187 1240 3253 copias
1263 3214 1281 3231 .-

737 3255 905 3320 nanfacitc
918 3252 1030 3303 districi.
1057 3253 1111 3305 Cic.
1131 3255 1163 3304 de
1176 3253 1240 3304 Orat.

738 3324 762 3387 2,
775 3324 819 3372 49ε
837 3322 902 3388 quad
912 3325 956 3373 ribi
967 3324 1044 3385 sensi,
1058 3337 1100 3371 nze
1112 3324 1140 3371 in
1146 3336 1238 3389 posscs-

737 3395 805 3440 siane
825 3392 915 3441 iudicii
930 3420 945 3427 -
961 3393 1108 3441 constitisse.
1143 3392 1195 3442 Cic.
1214 3388 1239 3439 ta

738 3459 785 3509 ets.
800 3460 824 3523 3,
834 3461 878 3510 31:
895 3460 1082 3511 Criniinadatur
1091 3460 1240 3528 Pomponius

738 3527 773 3579 u.
788 3528 920 3591 Manlium,
940 3557 971 3565 —
989 3528 1054 3593 qued
1067 3525 1152 3579 Titum
1160 3528 1240 3594 filiurn

738 3598 769 3645 ab
785 3599 928 3647 inertiinibus
939 3597 1074 3661 relegasset
1090 3600 1114 3645 et
1128 3600 1189 3648 ruri
1200 3598 1239 3646 ha·
1263 3600 1271 3631 '-

739 3666 817 3715 ditare
828 3669 949 3716 iussisset.
979 3664 1065 3728 (laod
1080 3681 1147 3715 cum
1160 3664 1239 3717 auda·
1282 3710 1284 3716 ,

739 3739 775 3784 set
783 3735 866 3798 fitius,
877 3737 1036 3800 negotium
1045 3735 1239 3801 cabiteripa·

739 3808 749 3853 t
753 3805 792 3865 ri,
803 3803 970 3854 accessisseil.
981 3802 1079 3854 dicatur.
1087 3816 1240 3869 —cpuaaspt¹

739 3877 851 3922 rassent:
871 3874 892 3936 l,
910 3873 952 3936 ct,
970 3878 998 3921 δε
1018 3875 1063 3937 aui
1078 3874 1197 3922 causent.
1213 3893 1240 3905 ’-

741 3956 817 4006 neptia
832 3945 975 4006 quicquam,
994 3956 1057 4006 qua:
1075 3938 1143 3993 ‘hein
1156 3937 1239 3997 Pauli,
1281 3946 1284 3955 ·

740 4009 802 4073 wo’;
816 4010 840 4085 «Ξ,
854 4012 894 4075 23,
909 4012 934 4061 1:
948 4026 1028 4061 eitiunt
1040 4009 1129 4077 bearat,
1143 4024 1197 4077 arca
