<?xml version="1.0" encoding="UTF-8"?>
<!DOCTYPE html PUBLIC "-//W3C//DTD XHTML 1.0 Transitional//EN"
    "http://www.w3.org/TR/xhtml1/DTD/xhtml1-transitional.dtd">
<html xmlns="http://www.w3.org/1999/xhtml" xml:lang="en" lang="en">
 <head>
  <title>
</title>
<meta http-equiv="Content-Type" content="text/html;charset=utf-8" />
  <meta name='ocr-system' content='tesseract 3.04.00' />
  <meta name='ocr-capabilities' content='ocr_page ocr_carea ocr_par ocr_line ocrx_word'/>
</head>
<body>
  <div class='ocr_page' id='page_1' title='image "./ciuliicaesarisc00krangoog/ciuliicaesarisc00krangoog_0240.png"; bbox 0 0 2572 4424; ppageno 0'>
   <div class='ocr_carea' id='block_1_1' title="bbox 515 303 1126 370">
    <p class='ocr_par' dir='ltr' id='par_1_1' title="bbox 515 303 1126 370">
     <span class='ocr_line' id='line_1_1' title="bbox 515 303 1126 370; baseline -0.005 -10"><span class='ocrx_word' id='word_1_1' title='bbox 515 303 555 361; x_wconf 86' lang='grc'><strong>111.</strong></span> <span class='ocrx_word' id='word_1_2' title='bbox 573 307 682 360; x_wconf 76' lang='grc'><strong>58-611.</strong></span> <span class='ocrx_word' id='word_1_3' title='bbox 1067 308 1126 370; x_wconf 78' lang='lat'>221</span> 
     </span>
    </p>
   </div>
   <div class='ocr_carea' id='block_1_2' title="bbox 16 462 1165 2355">
    <p class='ocr_par' dir='ltr' id='par_1_2' title="bbox 60 462 1130 716">
     <span class='ocr_line' id='line_1_2' title="bbox 62 462 1130 545; baseline -0.001 -19"><span class='ocrx_word' id='word_1_4' title='bbox 62 463 117 526; x_wconf 92' lang='lat' dir='ltr'>bus</span> <span class='ocrx_word' id='word_1_5' title='bbox 132 463 175 526; x_wconf 93' lang='lat' dir='ltr'>illi</span> <span class='ocrx_word' id='word_1_6' title='bbox 190 462 281 526; x_wconf 85' lang='lat' dir='ltr'>rebus</span> <span class='ocrx_word' id='word_1_7' title='bbox 295 464 423 545; x_wconf 86' lang='lat' dir='ltr'>permoti</span> <span class='ocrx_word' id='word_1_8' title='bbox 438 463 569 525; x_wconf 86' lang='lat' dir='ltr'>universi</span> <span class='ocrx_word' id='word_1_9' title='bbox 586 463 741 525; x_wconf 84' lang='lat' dir='ltr'>Caesarem</span> <span class='ocrx_word' id='word_1_10' title='bbox 764 463 901 526; x_wconf 90' lang='lat' dir='ltr'>adierunt</span> <span class='ocrx_word' id='word_1_11' title='bbox 922 464 1079 544; x_wconf 83' lang='lat' dir='ltr'><strong>palamque</strong></span> <span class='ocrx_word' id='word_1_12' title='bbox 1094 466 1130 526; x_wconf 92' lang='lat' dir='ltr'>de</span> 
     </span>
     <span class='ocr_line' id='line_1_3' title="bbox 60 549 1130 630; baseline 0.002 -20"><span class='ocrx_word' id='word_1_13' title='bbox 60 567 166 612; x_wconf 85' lang='lat' dir='ltr'>eornm</span> <span class='ocrx_word' id='word_1_14' title='bbox 181 549 298 612; x_wconf 85' lang='lat' dir='ltr'>iniuriis</span> <span class='ocrx_word' id='word_1_15' title='bbox 312 558 385 612; x_wconf 90' lang='lat' dir='ltr'>sunt</span> <span class='ocrx_word' id='word_1_16' title='bbox 401 549 500 630; x_wconf 83' lang='lat' dir='ltr'><strong>questi</strong></span> <span class='ocrx_word' id='word_1_17' title='bbox 514 556 544 611; x_wconf 92' lang='lat' dir='ltr'>et</span> <span class='ocrx_word' id='word_1_18' title='bbox 558 549 596 610; x_wconf 94' lang='lat' dir='ltr'>ad</span> <span class='ocrx_word' id='word_1_19' title='bbox 607 555 705 611; x_wconf 91' lang='lat' dir='ltr'>cetera</span> <span class='ocrx_word' id='word_1_20' title='bbox 719 549 898 611; x_wconf 90' lang='lat' dir='ltr'>addiderunt</span> <span class='ocrx_word' id='word_1_21' title='bbox 912 549 1020 612; x_wconf 88' lang='lat' dir='ltr'>falsum</span> <span class='ocrx_word' id='word_1_22' title='bbox 1036 550 1072 611; x_wconf 94' lang='lat' dir='ltr'>ab</span> <span class='ocrx_word' id='word_1_23' title='bbox 1083 550 1130 612; x_wconf 87' lang='lat' dir='ltr'>his</span> 
     </span>
     <span class='ocr_line' id='line_1_4' title="bbox 60 634 1041 716; baseline -0.001 -18"><span class='ocrx_word' id='word_1_24' title='bbox 60 636 197 716; x_wconf 84' lang='lat' dir='ltr'>equitum</span> <span class='ocrx_word' id='word_1_25' title='bbox 213 652 374 698; x_wconf 91' lang='lat' dir='ltr'>nnmerum</span> <span class='ocrx_word' id='word_1_26' title='bbox 388 635 506 709; x_wconf 84' lang='lat' dir='ltr'>deferri,</span> <span class='ocrx_word' id='word_1_27' title='bbox 522 653 651 716; x_wconf 85' lang='lat' dir='ltr'>quorum</span> <span class='ocrx_word' id='word_1_28' title='bbox 665 634 848 716; x_wconf 81' lang='lat' dir='ltr'><strong>stipendium</strong></span> <span class='ocrx_word' id='word_1_29' title='bbox 864 643 1041 698; x_wconf 84' lang='lat' dir='ltr'>averterent.</span> 
     </span>
    </p>

    <p class='ocr_par' dir='ltr' id='par_1_3' title="bbox 58 721 1165 2266">
     <span class='ocr_line' id='line_1_5' title="bbox 144 721 1130 802; baseline 0.001 -20"><span class='ocrx_word' id='word_1_30' title='bbox 144 721 196 783; x_wconf 78' lang='lat'>60.</span> <span class='ocrx_word' id='word_1_31' title='bbox 224 721 329 784; x_wconf 83' lang='lat' dir='ltr'>Caesar</span> <span class='ocrx_word' id='word_1_32' title='bbox 351 740 449 802; x_wconf 89' lang='lat' dir='ltr'>neque</span> <span class='ocrx_word' id='word_1_33' title='bbox 472 729 593 801; x_wconf 87' lang='lat' dir='ltr'>tempus</span> <span class='ocrx_word' id='word_1_34' title='bbox 615 721 687 782; x_wconf 93' lang='lat' dir='ltr'>illud</span> <span class='ocrx_word' id='word_1_35' title='bbox 707 721 971 783; x_wconf 87' lang='lat' dir='ltr'>animadversionis</span> <span class='ocrx_word' id='word_1_36' title='bbox 986 742 1051 784; x_wconf 88' lang='lat' dir='ltr'>esse</span> <span class='ocrx_word' id='word_1_37' title='bbox 1067 723 1130 783; x_wconf 81' lang='lat' dir='ltr'>eri-</span> 
     </span>
     <span class='ocr_line' id='line_1_6' title="bbox 60 807 1129 882; baseline -0.002 -12"><span class='ocrx_word' id='word_1_38' title='bbox 60 807 184 870; x_wconf 82' lang='lat' dir='ltr'>stintans</span> <span class='ocrx_word' id='word_1_39' title='bbox 205 814 235 869; x_wconf 89' lang='lat' dir='ltr'>et</span> <span class='ocrx_word' id='word_1_40' title='bbox 254 808 346 870; x_wconf 87' lang='lat' dir='ltr'>multa</span> <span class='ocrx_word' id='word_1_41' title='bbox 368 807 469 869; x_wconf 83' lang='lat' dir='ltr'>virtuti</span> <span class='ocrx_word' id='word_1_42' title='bbox 490 825 595 870; x_wconf 85' lang='lat' dir='ltr'>eorum</span> <span class='ocrx_word' id='word_1_43' title='bbox 616 807 781 868; x_wconf 82' lang='lat' dir='ltr'>concedens</span> <span class='ocrx_word' id='word_1_44' title='bbox 801 826 865 868; x_wconf 87' lang='lat' dir='ltr'>rem</span> <span class='ocrx_word' id='word_1_45' title='bbox 885 809 978 871; x_wconf 83' lang='lat' dir='ltr'>totam</span> <span class='ocrx_word' id='word_1_46' title='bbox 1000 807 1129 882; x_wconf 81' lang='lat' dir='ltr'>distulit3</span> 
     </span>
     <span class='ocr_line' id='line_1_7' title="bbox 60 893 1164 974; baseline 0 -20"><span class='ocrx_word' id='word_1_47' title='bbox 60 893 123 955; x_wconf 89' lang='lat' dir='ltr'>illos</span> <span class='ocrx_word' id='word_1_48' title='bbox 139 901 258 955; x_wconf 88' lang='lat' dir='ltr'>secreto</span> <span class='ocrx_word' id='word_1_49' title='bbox 273 893 431 973; x_wconf 81' lang='lat' dir='ltr'>castigavit,</span> <span class='ocrx_word' id='word_1_50' title='bbox 447 894 527 974; x_wconf 90' lang='lat' dir='ltr'>quod</span> <span class='ocrx_word' id='word_1_51' title='bbox 543 893 680 974; x_wconf 89' lang='lat' dir='ltr'>quaestui</span> <span class='ocrx_word' id='word_1_52' title='bbox 695 893 810 972; x_wconf 79' lang='lat' dir='ltr'>equites</span> <span class='ocrx_word' id='word_1_53' title='bbox 825 893 978 968; x_wconf 84' lang='lat' dir='ltr'>haberent,</span> <span class='ocrx_word' id='word_1_54' title='bbox 995 894 1131 958; x_wconf 91' lang='lat' dir='ltr'>monuit·</span> <span class='ocrx_word' id='word_1_55' title='bbox 1161 927 1164 934; x_wconf 87' lang='lat'>·</span> 
     </span>
     <span class='ocr_line' id='line_1_8' title="bbox 61 979 1129 1060; baseline 0.002 -20"><span class='ocrx_word' id='word_1_56' title='bbox 61 997 127 1060; x_wconf 86' lang='lat' dir='ltr'>qne,</span> <span class='ocrx_word' id='word_1_57' title='bbox 145 987 180 1041; x_wconf 91' lang='lat' dir='ltr'>ut</span> <span class='ocrx_word' id='word_1_58' title='bbox 195 998 232 1040; x_wconf 80' lang='lat' dir='ltr'>ex</span> <span class='ocrx_word' id='word_1_59' title='bbox 247 998 301 1042; x_wconf 91' lang='lat' dir='ltr'>sua</span> <span class='ocrx_word' id='word_1_60' title='bbox 315 979 445 1041; x_wconf 90' lang='lat' dir='ltr'>amicitia</span> <span class='ocrx_word' id='word_1_61' title='bbox 459 979 560 1041; x_wconf 94' lang='lat' dir='ltr'>omnia</span> <span class='ocrx_word' id='word_1_62' title='bbox 572 985 780 1059; x_wconf 80' lang='lat' dir='ltr'>exspectarent</span> <span class='ocrx_word' id='word_1_63' title='bbox 795 987 825 1040; x_wconf 90' lang='lat' dir='ltr'>et</span> <span class='ocrx_word' id='word_1_64' title='bbox 840 999 877 1040; x_wconf 85' lang='lat' dir='ltr'>ex</span> <span class='ocrx_word' id='word_1_65' title='bbox 891 981 1057 1060; x_wconf 88' lang='lat' dir='ltr'>praeteritis</span> <span class='ocrx_word' id='word_1_66' title='bbox 1068 980 1129 1042; x_wconf 90' lang='lat' dir='ltr'>suis</span> 
     </span>
     <span class='ocr_line' id='line_1_9' title="bbox 61 1064 1165 1145; baseline -0.003 -19"><span class='ocrx_word' id='word_1_67' title='bbox 61 1065 167 1127; x_wconf 81' lang='lat' dir='ltr'>officiis</span> <span class='ocrx_word' id='word_1_68' title='bbox 187 1064 299 1145; x_wconf 88' lang='lat' dir='ltr'>reliqua</span> <span class='ocrx_word' id='word_1_69' title='bbox 318 1074 481 1145; x_wconf 83' lang='lat' dir='ltr'>sperarent.</span> <span class='ocrx_word' id='word_1_70' title='bbox 526 1066 661 1145; x_wconf 81' lang='lat' dir='ltr'>Magnam</span> <span class='ocrx_word' id='word_1_71' title='bbox 684 1073 786 1126; x_wconf 91' lang='lat' dir='ltr'>tamen</span> <span class='ocrx_word' id='word_1_72' title='bbox 807 1066 878 1126; x_wconf 92' lang='lat' dir='ltr'>haec</span> <span class='ocrx_word' id='word_1_73' title='bbox 895 1084 943 1127; x_wconf 90' lang='lat' dir='ltr'>res</span> <span class='ocrx_word' id='word_1_74' title='bbox 959 1066 1015 1127; x_wconf 92' lang='lat' dir='ltr'>illis</span> <span class='ocrx_word' id='word_1_75' title='bbox 1031 1067 1128 1127; x_wconf 82' lang='lat' dir='ltr'>offen·</span> <span class='ocrx_word' id='word_1_76' title='bbox 1150 1072 1165 1123; x_wconf 82' lang='lat'><strong>2</strong></span> 
     </span>
     <span class='ocr_line' id='line_1_10' title="bbox 60 1150 1128 1232; baseline 0.002 -20"><span class='ocrx_word' id='word_1_77' title='bbox 60 1151 175 1212; x_wconf 89' lang='lat' dir='ltr'>sionem</span> <span class='ocrx_word' id='word_1_78' title='bbox 199 1158 229 1213; x_wconf 91' lang='lat' dir='ltr'>et</span> <span class='ocrx_word' id='word_1_79' title='bbox 247 1151 503 1232; x_wconf 81' lang='lat' dir='ltr'>contemptionem</span> <span class='ocrx_word' id='word_1_80' title='bbox 519 1151 555 1212; x_wconf 90' lang='lat' dir='ltr'>ad</span> <span class='ocrx_word' id='word_1_81' title='bbox 571 1169 677 1213; x_wconf 88' lang='lat' dir='ltr'>omnes</span> <span class='ocrx_word' id='word_1_82' title='bbox 693 1150 800 1225; x_wconf 89' lang='lat' dir='ltr'>attulit,</span> <span class='ocrx_word' id='word_1_83' title='bbox 821 1151 909 1231; x_wconf 91' lang='lat' dir='ltr'>idque</span> <span class='ocrx_word' id='word_1_84' title='bbox 925 1152 963 1212; x_wconf 86' lang='lat' dir='ltr'>ita</span> <span class='ocrx_word' id='word_1_85' title='bbox 978 1171 1044 1213; x_wconf 89' lang='lat' dir='ltr'>esse</span> <span class='ocrx_word' id='word_1_86' title='bbox 1059 1170 1128 1214; x_wconf 91' lang='lat' dir='ltr'>cum</span> 
     </span>
     <span class='ocr_line' id='line_1_11' title="bbox 60 1236 1128 1319; baseline 0.001 -21"><span class='ocrx_word' id='word_1_87' title='bbox 60 1257 93 1298; x_wconf 85' lang='lat' dir='ltr'>ex</span> <span class='ocrx_word' id='word_1_88' title='bbox 107 1238 237 1300; x_wconf 84' lang='lat' dir='ltr'>aliorum</span> <span class='ocrx_word' id='word_1_89' title='bbox 249 1236 496 1301; x_wconf 88' lang='lat' dir='ltr'>obiectationibus</span> <span class='ocrx_word' id='word_1_90' title='bbox 511 1245 577 1300; x_wconf 91' lang='lat' dir='ltr'>tum</span> <span class='ocrx_word' id='word_1_91' title='bbox 592 1237 680 1298; x_wconf 86' lang='lat' dir='ltr'>etiam</span> <span class='ocrx_word' id='word_1_92' title='bbox 694 1256 730 1297; x_wconf 83' lang='lat' dir='ltr'>er</span> <span class='ocrx_word' id='word_1_93' title='bbox 742 1236 903 1298; x_wconf 90' lang='lat' dir='ltr'>domestico</span> <span class='ocrx_word' id='word_1_94' title='bbox 919 1237 1027 1299; x_wconf 90' lang='lat' dir='ltr'>iudicio</span> <span class='ocrx_word' id='word_1_95' title='bbox 1040 1246 1128 1319; x_wconf 87' lang='lat' dir='ltr'>atque</span> 
     </span>
     <span class='ocr_line' id='line_1_12' title="bbox 60 1322 1164 1403; baseline -0.004 -19"><span class='ocrx_word' id='word_1_96' title='bbox 60 1323 152 1385; x_wconf 91' lang='lat' dir='ltr'>animi</span> <span class='ocrx_word' id='word_1_97' title='bbox 166 1323 349 1385; x_wconf 90' lang='lat' dir='ltr'>conscientia</span> <span class='ocrx_word' id='word_1_98' title='bbox 363 1322 580 1403; x_wconf 83' lang='lat' dir='ltr'>intellegebant.</span> <span class='ocrx_word' id='word_1_99' title='bbox 612 1323 678 1397; x_wconf 81' lang='lat' dir='ltr'>Quo</span> <span class='ocrx_word' id='word_1_100' title='bbox 693 1323 808 1403; x_wconf 89' lang='lat' dir='ltr'>pudore</span> <span class='ocrx_word' id='word_1_101' title='bbox 824 1323 942 1384; x_wconf 88' lang='lat' dir='ltr'>adducti</span> <span class='ocrx_word' id='word_1_102' title='bbox 956 1332 986 1385; x_wconf 91' lang='lat' dir='ltr'>et</span> <span class='ocrx_word' id='word_1_103' title='bbox 1001 1323 1127 1386; x_wconf 85' lang='lat' dir='ltr'>fortasse</span> <span class='ocrx_word' id='word_1_104' title='bbox 1149 1333 1164 1380; x_wconf 83' lang='lat'><strong>3</strong></span> 
     </span>
     <span class='ocr_line' id='line_1_13' title="bbox 60 1407 1127 1489; baseline 0.001 -19"><span class='ocrx_word' id='word_1_105' title='bbox 60 1427 120 1470; x_wconf 93' lang='lat' dir='ltr'>non</span> <span class='ocrx_word' id='word_1_106' title='bbox 135 1428 170 1471; x_wconf 87' lang='lat' dir='ltr'>se</span> <span class='ocrx_word' id='word_1_107' title='bbox 185 1408 312 1484; x_wconf 87' lang='lat' dir='ltr'>liberari,</span> <span class='ocrx_word' id='word_1_108' title='bbox 328 1407 426 1471; x_wconf 91' lang='lat' dir='ltr'>sedin</span> <span class='ocrx_word' id='word_1_109' title='bbox 441 1410 521 1471; x_wconf 92' lang='lat' dir='ltr'>aliud</span> <span class='ocrx_word' id='word_1_110' title='bbox 535 1417 654 1489; x_wconf 88' lang='lat' dir='ltr'>tempus</span> <span class='ocrx_word' id='word_1_111' title='bbox 669 1409 814 1470; x_wconf 86' lang='lat' dir='ltr'>reservari</span> <span class='ocrx_word' id='word_1_112' title='bbox 829 1409 961 1472; x_wconf 88' lang='lat' dir='ltr'>arbitrati</span> <span class='ocrx_word' id='word_1_113' title='bbox 973 1409 1127 1471; x_wconf 87' lang='lat' dir='ltr'>discedere</span> 
     </span>
     <span class='ocr_line' id='line_1_14' title="bbox 61 1494 1127 1576; baseline 0.001 -20"><span class='ocrx_word' id='word_1_114' title='bbox 61 1494 176 1557; x_wconf 89' lang='lat' dir='ltr'>anobis</span> <span class='ocrx_word' id='word_1_115' title='bbox 193 1502 224 1557; x_wconf 92' lang='lat' dir='ltr'>et</span> <span class='ocrx_word' id='word_1_116' title='bbox 235 1514 342 1558; x_wconf 90' lang='lat' dir='ltr'>novam</span> <span class='ocrx_word' id='word_1_117' title='bbox 354 1503 501 1576; x_wconf 86' lang='lat' dir='ltr'>temptare</span> <span class='ocrx_word' id='word_1_118' title='bbox 513 1495 666 1557; x_wconf 83' lang='lat' dir='ltr'>fortunam</span> <span class='ocrx_word' id='word_1_119' title='bbox 681 1513 831 1575; x_wconf 82' lang='lat' dir='ltr'>novasque</span> <span class='ocrx_word' id='word_1_120' title='bbox 844 1495 987 1557; x_wconf 91' lang='lat' dir='ltr'>amicitias</span> <span class='ocrx_word' id='word_1_121' title='bbox 1000 1496 1127 1576; x_wconf 81' lang='lat' dir='ltr'>experiri</span> 
     </span>
     <span class='ocr_line' id='line_1_15' title="bbox 60 1579 1165 1662; baseline -0.002 -20"><span class='ocrx_word' id='word_1_122' title='bbox 60 1582 291 1644; x_wconf 85' lang='lat' dir='ltr'>constituerunt.</span> <span class='ocrx_word' id='word_1_123' title='bbox 327 1580 366 1644; x_wconf 83' lang='lat' dir='ltr'>Et</span> <span class='ocrx_word' id='word_1_124' title='bbox 381 1600 449 1643; x_wconf 93' lang='lat' dir='ltr'>cum</span> <span class='ocrx_word' id='word_1_125' title='bbox 464 1582 564 1662; x_wconf 93' lang='lat' dir='ltr'>paucis</span> <span class='ocrx_word' id='word_1_126' title='bbox 585 1580 722 1643; x_wconf 91' lang='lat' dir='ltr'>collocuti</span> <span class='ocrx_word' id='word_1_127' title='bbox 743 1579 899 1642; x_wconf 88' lang='lat' dir='ltr'>clientibus</span> <span class='ocrx_word' id='word_1_128' title='bbox 919 1581 997 1654; x_wconf 87' lang='lat' dir='ltr'>suis,</span> <span class='ocrx_word' id='word_1_129' title='bbox 1020 1581 1127 1660; x_wconf 89' lang='lat' dir='ltr'>quibus</span> <span class='ocrx_word' id='word_1_130' title='bbox 1149 1591 1165 1640; x_wconf 82' lang='grc'><strong>4</strong></span> 
     </span>
     <span class='ocr_line' id='line_1_16' title="bbox 59 1666 1128 1747; baseline -0.003 -17"><span class='ocrx_word' id='word_1_131' title='bbox 59 1675 175 1730; x_wconf 87' lang='lat' dir='ltr'>tanturn</span> <span class='ocrx_word' id='word_1_132' title='bbox 190 1667 305 1729; x_wconf 84' lang='lat' dir='ltr'>facinus</span> <span class='ocrx_word' id='word_1_133' title='bbox 321 1667 508 1729; x_wconf 86' lang='lat' dir='ltr'>committere</span> <span class='ocrx_word' id='word_1_134' title='bbox 523 1666 680 1741; x_wconf 90' lang='lat' dir='ltr'>audebant,</span> <span class='ocrx_word' id='word_1_135' title='bbox 696 1666 827 1747; x_wconf 86' lang='lat' dir='ltr'>primum</span> <span class='ocrx_word' id='word_1_136' title='bbox 843 1666 939 1728; x_wconf 92' lang='lat' dir='ltr'>conati</span> <span class='ocrx_word' id='word_1_137' title='bbox 955 1673 1027 1729; x_wconf 88' lang='lat' dir='ltr'>sunt</span> <span class='ocrx_word' id='word_1_138' title='bbox 1041 1685 1128 1746; x_wconf 89' lang='lat' dir='ltr'>prae·</span> 
     </span>
     <span class='ocr_line' id='line_1_17' title="bbox 59 1752 1126 1835; baseline 0 -20"><span class='ocrx_word' id='word_1_139' title='bbox 59 1754 172 1816; x_wconf 89' lang='lat' dir='ltr'>fectum</span> <span class='ocrx_word' id='word_1_140' title='bbox 179 1754 316 1835; x_wconf 88' lang='lat' dir='ltr'>equitum</span> <span class='ocrx_word' id='word_1_141' title='bbox 322 1754 353 1815; x_wconf 84' lang='lat' dir='ltr'>G.</span> <span class='ocrx_word' id='word_1_142' title='bbox 360 1754 545 1817; x_wconf 84' lang='lat' dir='ltr'>Volusenum</span> <span class='ocrx_word' id='word_1_143' title='bbox 557 1752 776 1827; x_wconf 70' lang='lat' dir='ltr'>interficerent</span> <span class='ocrx_word' id='word_1_144' title='bbox 788 1759 891 1833; x_wconf 89' lang='lat' dir='ltr'>postea</span> <span class='ocrx_word' id='word_1_145' title='bbox 900 1752 978 1814; x_wconf 91' lang='lat' dir='ltr'>bello</span> <span class='ocrx_word' id='word_1_146' title='bbox 991 1753 1126 1815; x_wconf 86' lang='lat' dir='ltr'>confecto</span> 
     </span>
     <span class='ocr_line' id='line_1_18' title="bbox 60 1839 1126 1920; baseline -0.001 -19"><span class='ocrx_word' id='word_1_147' title='bbox 60 1840 214 1920; x_wconf 80' lang='lat' dir='ltr'>cognitum</span> <span class='ocrx_word' id='word_1_148' title='bbox 230 1847 283 1915; x_wconf 90' lang='lat' dir='ltr'>est,</span> <span class='ocrx_word' id='word_1_149' title='bbox 304 1849 338 1903; x_wconf 91' lang='lat' dir='ltr'>ut</span> <span class='ocrx_word' id='word_1_150' title='bbox 358 1858 427 1901; x_wconf 93' lang='lat' dir='ltr'>cum</span> <span class='ocrx_word' id='word_1_151' title='bbox 448 1848 573 1903; x_wconf 88' lang='lat' dir='ltr'>munere</span> <span class='ocrx_word' id='word_1_152' title='bbox 592 1840 690 1919; x_wconf 91' lang='lat' dir='ltr'>aliquo</span> <span class='ocrx_word' id='word_1_153' title='bbox 712 1839 877 1918; x_wconf 79' lang='lat' dir='ltr'>perfugisse</span> <span class='ocrx_word' id='word_1_154' title='bbox 897 1839 934 1900; x_wconf 93' lang='lat' dir='ltr'>ad</span> <span class='ocrx_word' id='word_1_155' title='bbox 949 1839 1126 1918; x_wconf 89' lang='lat' dir='ltr'>Pompeium</span> 
     </span>
     <span class='ocr_line' id='line_1_19' title="bbox 59 1925 1163 2008; baseline -0.004 -21"><span class='ocrx_word' id='word_1_156' title='bbox 59 1926 246 2000; x_wconf 82' lang='lat' dir='ltr'>dderentur3</span> <span class='ocrx_word' id='word_1_157' title='bbox 262 1935 421 2008; x_wconf 87' lang='lat' dir='ltr'>postquam</span> <span class='ocrx_word' id='word_1_158' title='bbox 436 1927 467 1988; x_wconf 95' lang='lat' dir='ltr'>id</span> <span class='ocrx_word' id='word_1_159' title='bbox 479 1925 625 1987; x_wconf 85' lang='lat' dir='ltr'>difficilius</span> <span class='ocrx_word' id='word_1_160' title='bbox 637 1925 732 1987; x_wconf 79' lang='lat' dir='ltr'>vistmr</span> <span class='ocrx_word' id='word_1_161' title='bbox 744 1932 789 1986; x_wconf 90' lang='lat' dir='ltr'>est</span> <span class='ocrx_word' id='word_1_162' title='bbox 806 1943 904 2006; x_wconf 87' lang='lat' dir='ltr'>neque</span> <span class='ocrx_word' id='word_1_163' title='bbox 920 1925 1042 1986; x_wconf 81' lang='lat' dir='ltr'>facultas</span> <span class='ocrx_word' id='word_1_164' title='bbox 1058 1944 1127 2006; x_wconf 90' lang='lat' dir='ltr'>per·</span> <span class='ocrx_word' id='word_1_165' title='bbox 1148 1935 1163 1983; x_wconf 86' lang='lat'>5</span> 
     </span>
     <span class='ocr_line' id='line_1_20' title="bbox 58 2011 1127 2093; baseline -0.001 -19"><span class='ocrx_word' id='word_1_166' title='bbox 58 2011 176 2074; x_wconf 85' lang='lat' dir='ltr'>liciendi</span> <span class='ocrx_word' id='word_1_167' title='bbox 187 2011 319 2088; x_wconf 90' lang='lat' dir='ltr'>dabatur,</span> <span class='ocrx_word' id='word_1_168' title='bbox 333 2031 423 2093; x_wconf 89' lang='lat' dir='ltr'>quam</span> <span class='ocrx_word' id='word_1_169' title='bbox 435 2013 577 2074; x_wconf 81' lang='lat' dir='ltr'>maximas</span> <span class='ocrx_word' id='word_1_170' title='bbox 589 2018 750 2091; x_wconf 89' lang='lat' dir='ltr'>potuemnt</span> <span class='ocrx_word' id='word_1_171' title='bbox 761 2012 901 2092; x_wconf 89' lang='lat' dir='ltr'>pecunias</span> <span class='ocrx_word' id='word_1_172' title='bbox 913 2012 1050 2085; x_wconf 84' lang='lat' dir='ltr'>mutuati,</span> <span class='ocrx_word' id='word_1_173' title='bbox 1056 2031 1127 2093; x_wconf 92' lang='lat' dir='ltr'>pro-</span> 
     </span>
     <span class='ocr_line' id='line_1_21' title="bbox 59 2097 1127 2172; baseline 0 -13"><span class='ocrx_word' id='word_1_174' title='bbox 59 2098 129 2160; x_wconf 86' lang='lat' dir='ltr'>inde</span> <span class='ocrx_word' id='word_1_175' title='bbox 141 2117 175 2160; x_wconf 89' lang='lat' dir='ltr'>ac</span> <span class='ocrx_word' id='word_1_176' title='bbox 186 2098 459 2161; x_wconf 87' lang='lat' dir='ltr'>suissatisfacereet</span> <span class='ocrx_word' id='word_1_177' title='bbox 470 2099 601 2160; x_wconf 90' lang='lat' dir='ltr'>fraudata</span> <span class='ocrx_word' id='word_1_178' title='bbox 613 2097 769 2159; x_wconf 89' lang='lat' dir='ltr'>restituere</span> <span class='ocrx_word' id='word_1_179' title='bbox 781 2099 899 2172; x_wconf 81' lang='lat' dir='ltr'>vellent,</span> <span class='ocrx_word' id='word_1_180' title='bbox 912 2098 1013 2160; x_wconf 88' lang='lat' dir='ltr'>multis</span> <span class='ocrx_word' id='word_1_181' title='bbox 1026 2105 1127 2160; x_wconf 78' lang='lat' dir='ltr'>coem-</span> 
     </span>
     <span class='ocr_line' id='line_1_22' title="bbox 58 2184 1126 2266; baseline 0 -20"><span class='ocrx_word' id='word_1_182' title='bbox 58 2184 116 2265; x_wconf 90' lang='lat' dir='ltr'>ptis</span> <span class='ocrx_word' id='word_1_183' title='bbox 132 2184 218 2265; x_wconf 81' lang='lat' dir='ltr'>equis</span> <span class='ocrx_word' id='word_1_184' title='bbox 233 2185 270 2247; x_wconf 92' lang='lat' dir='ltr'>ad</span> <span class='ocrx_word' id='word_1_185' title='bbox 285 2184 461 2266; x_wconf 89' lang='lat' dir='ltr'>Pompeium</span> <span class='ocrx_word' id='word_1_186' title='bbox 476 2184 659 2247; x_wconf 86' lang='lat' dir='ltr'>transierunt</span> <span class='ocrx_word' id='word_1_187' title='bbox 679 2203 747 2246; x_wconf 92' lang='lat' dir='ltr'>cum</span> <span class='ocrx_word' id='word_1_188' title='bbox 768 2184 818 2259; x_wconf 91' lang='lat' dir='ltr'>iis,</span> <span class='ocrx_word' id='word_1_189' title='bbox 846 2203 921 2265; x_wconf 91' lang='lat' dir='ltr'>quos</span> <span class='ocrx_word' id='word_1_190' title='bbox 944 2184 990 2248; x_wconf 93' lang='lat' dir='ltr'>sui</span> <span class='ocrx_word' id='word_1_191' title='bbox 1011 2185 1126 2246; x_wconf 91' lang='lat' dir='ltr'>consilii</span> 
     </span>
    </p>

    <p class='ocr_par' dir='ltr' id='par_1_4' title="bbox 16 2269 390 2355">
     <span class='ocr_line' id='line_1_23' title="bbox 16 2269 390 2355; baseline 0 -23"><span class='ocrx_word' id='word_1_192' title='bbox 16 2350 19 2355; x_wconf 21' lang='grc' dir='ltr'>Ι</span> <span class='ocrx_word' id='word_1_193' title='bbox 58 2269 220 2351; x_wconf 78' lang='lat' dir='ltr'>participes</span> <span class='ocrx_word' id='word_1_194' title='bbox 233 2270 390 2333; x_wconf 91' lang='lat' dir='ltr'>habehant.</span> 
     </span>
    </p>
   </div>
   <div class='ocr_carea' id='block_1_3' title="bbox 57 2418 1188 4074">
    <p class='ocr_par' dir='ltr' id='par_1_5' title="bbox 57 2418 1127 3319">
     <span class='ocr_line' id='line_1_24' title="bbox 91 2418 1125 2494; baseline 0.002 -17"><span class='ocrx_word' id='word_1_195' title='bbox 91 2418 146 2478; x_wconf 71' lang='grc'>61).</span> <span class='ocrx_word' id='word_1_196' title='bbox 169 2425 192 2478; x_wconf 89' lang='grc'>1.</span> <span class='ocrx_word' id='word_1_197' title='bbox 210 2430 307 2494; x_wconf 75' lang='lat' dir='ltr'>ternpm</span> <span class='ocrx_word' id='word_1_198' title='bbox 325 2425 391 2477; x_wconf 80' lang='lat' dir='ltr'>dtud</span> <span class='ocrx_word' id='word_1_199' title='bbox 408 2425 569 2478; x_wconf 82' lang='lat' dir='ltr'>animaduer-</span> <span class='ocrx_word' id='word_1_200' title='bbox 617 2427 642 2492; x_wconf 82' lang='grc'>5,</span> <span class='ocrx_word' id='word_1_201' title='bbox 658 2427 697 2490; x_wconf 79' lang='lat' dir='ltr'>te,</span> <span class='ocrx_word' id='word_1_202' title='bbox 710 2428 734 2477; x_wconf 80' lang='lat'>2.</span> <span class='ocrx_word' id='word_1_203' title='bbox 745 2454 776 2463; x_wconf 90' lang='lat'>-</span> <span class='ocrx_word' id='word_1_204' title='bbox 787 2443 835 2478; x_wconf 83' lang='lat' dir='ltr'>non</span> <span class='ocrx_word' id='word_1_205' title='bbox 846 2442 873 2477; x_wconf 75' lang='lat' dir='ltr'>ee</span> <span class='ocrx_word' id='word_1_206' title='bbox 882 2426 996 2478; x_wconf 61' lang='lat' dir='ltr'>liberam</span> <span class='ocrx_word' id='word_1_207' title='bbox 1008 2444 1022 2479; x_wconf 85' lang='lat' dir='ltr'>a</span> <span class='ocrx_word' id='word_1_208' title='bbox 1032 2443 1125 2494; x_wconf 81' lang='lat' dir='ltr'>poena3</span> 
     </span>
     <span class='ocr_line' id='line_1_25' title="bbox 57 2493 1126 2563; baseline 0.001 -17"><span class='ocrx_word' id='word_1_209' title='bbox 57 2496 138 2546; x_wconf 69' lang='lat' dir='ltr'>dont&#39;s</span> <span class='ocrx_word' id='word_1_210' title='bbox 157 2511 213 2546; x_wconf 74' lang='lat' dir='ltr'>osae</span> <span class='ocrx_word' id='word_1_211' title='bbox 229 2495 252 2547; x_wconf 87' lang='lat' dir='ltr'>d.</span> <span class='ocrx_word' id='word_1_212' title='bbox 270 2495 288 2546; x_wconf 87' lang='lat' dir='ltr'>i.</span> <span class='ocrx_word' id='word_1_213' title='bbox 305 2502 403 2563; x_wconf 85' lang='lat' dir='ltr'>tempus</span> <span class='ocrx_word' id='word_1_214' title='bbox 424 2495 490 2546; x_wconf 92' lang='lat' dir='ltr'>illnd</span> <span class='ocrx_word' id='word_1_215' title='bbox 511 2510 569 2547; x_wconf 86' lang='lat' dir='ltr'>esse</span> <span class='ocrx_word' id='word_1_216' title='bbox 617 2498 757 2546; x_wconf 72' lang='lat' dir='ltr'>reseruari:</span> <span class='ocrx_word' id='word_1_217' title='bbox 774 2496 806 2545; x_wconf 88' lang='lat' dir='ltr'>ad</span> <span class='ocrx_word' id='word_1_218' title='bbox 822 2511 934 2561; x_wconf 83' lang='lat' dir='ltr'>poenam.</span> <span class='ocrx_word' id='word_1_219' title='bbox 962 2493 1017 2547; x_wconf 82' lang='lat' dir='ltr'>Non</span> <span class='ocrx_word' id='word_1_220' title='bbox 1036 2497 1126 2560; x_wconf 77' lang='lat' dir='ltr'>geldrt</span> 
     </span>
     <span class='ocr_line' id='line_1_26' title="bbox 58 2562 1126 2631; baseline -0.002 -15"><span class='ocrx_word' id='word_1_221' title='bbox 58 2570 159 2631; x_wconf 77' lang='lat' dir='ltr'>ternpus</span> <span class='ocrx_word' id='word_1_222' title='bbox 174 2563 417 2627; x_wconf 70' lang='lat' dir='ltr'>animadversionis,</span> <span class='ocrx_word' id='word_1_223' title='bbox 433 2563 485 2614; x_wconf 87' lang='lat' dir='ltr'>wie</span> <span class='ocrx_word' id='word_1_224' title='bbox 496 2564 523 2614; x_wconf 89' lang='lat' dir='ltr'>B.</span> <span class='ocrx_word' id='word_1_225' title='bbox 537 2562 568 2615; x_wconf 84' lang='lat' dir='ltr'>G.</span> <span class='ocrx_word' id='word_1_226' title='bbox 618 2581 650 2614; x_wconf 81' lang='lat' dir='ltr'>zu</span> <span class='ocrx_word' id='word_1_227' title='bbox 661 2562 772 2627; x_wconf 74' lang='lat' dir='ltr'>libermd,</span> <span class='ocrx_word' id='word_1_228' title='bbox 785 2563 854 2614; x_wconf 87' lang='lat' dir='ltr'>nicht</span> <span class='ocrx_word' id='word_1_229' title='bbox 866 2576 898 2612; x_wconf 78' lang='lat' dir='ltr'>zu</span> <span class='ocrx_word' id='word_1_230' title='bbox 909 2580 943 2614; x_wconf 78' lang='lat' dir='ltr'>ec.</span> <span class='ocrx_word' id='word_1_231' title='bbox 966 2562 1051 2614; x_wconf 89' lang='lat' dir='ltr'>Wenn</span> <span class='ocrx_word' id='word_1_232' title='bbox 1063 2565 1126 2616; x_wconf 85' lang='lat' dir='ltr'>aber</span> 
     </span>
     <span class='ocr_line' id='line_1_27' title="bbox 59 2627 1127 2700; baseline 0 -18"><span class='ocrx_word' id='word_1_233' title='bbox 59 2631 84 2698; x_wconf 81' lang='lat' dir='ltr'>b,</span> <span class='ocrx_word' id='word_1_234' title='bbox 101 2635 125 2696; x_wconf 78' lang='lat'>4,</span> <span class='ocrx_word' id='word_1_235' title='bbox 143 2632 172 2683; x_wconf 79' lang='lat'>8:</span> <span class='ocrx_word' id='word_1_236' title='bbox 188 2631 258 2698; x_wconf 77' lang='lat' dir='ltr'>quod</span> <span class='ocrx_word' id='word_1_237' title='bbox 274 2635 398 2683; x_wconf 75' lang='lat' dir='ltr'>medicum</span> <span class='ocrx_word' id='word_1_238' title='bbox 417 2637 515 2700; x_wconf 76' lang='lat' dir='ltr'>tempos</span> <span class='ocrx_word' id='word_1_239' title='bbox 529 2634 569 2682; x_wconf 82' lang='lat' dir='ltr'>in·</span> <span class='ocrx_word' id='word_1_240' title='bbox 617 2627 771 2684; x_wconf 78' lang='lat' dir='ltr'>Pronomina</span> <span class='ocrx_word' id='word_1_241' title='bbox 783 2648 814 2681; x_wconf 85' lang='lat' dir='ltr'>zu</span> <span class='ocrx_word' id='word_1_242' title='bbox 826 2631 983 2683; x_wconf 87' lang='lat' dir='ltr'>zweidurch</span> <span class='ocrx_word' id='word_1_243' title='bbox 994 2648 1069 2682; x_wconf 82' lang='grc' dir='ltr'><strong>ιιοιι-</strong></span> <span class='ocrx_word' id='word_1_244' title='bbox 1081 2633 1127 2683; x_wconf 83' lang='lat' dir='ltr'>aed</span> 
     </span>
     <span class='ocr_line' id='line_1_28' title="bbox 58 2700 1124 2767; baseline -0.002 -15"><span class='ocrx_word' id='word_1_245' title='bbox 58 2702 157 2752; x_wconf 65' lang='lat' dir='ltr'>dantis</span> <span class='ocrx_word' id='word_1_246' title='bbox 176 2700 242 2766; x_wconf 72' lang='lat' dir='ltr'>told,</span> <span class='ocrx_word' id='word_1_247' title='bbox 267 2716 317 2752; x_wconf 79' lang='lat' dir='ltr'>non</span> <span class='ocrx_word' id='word_1_248' title='bbox 341 2703 497 2767; x_wconf 77' lang='lat' dir='ltr'>quaestdom&#39;s</span> <span class='ocrx_word' id='word_1_249' title='bbox 517 2717 570 2751; x_wconf 83' lang='lat' dir='ltr'>esso</span> <span class='ocrx_word' id='word_1_250' title='bbox 620 2700 741 2752; x_wconf 88' lang='lat' dir='ltr'>einander</span> <span class='ocrx_word' id='word_1_251' title='bbox 771 2708 1025 2766; x_wconf 68' lang='lat' dir='ltr'>entgesengesetzten</span> <span class='ocrx_word' id='word_1_252' title='bbox 1052 2701 1124 2751; x_wconf 79' lang='lat' dir='ltr'>Satn-</span> 
     </span>
     <span class='ocr_line' id='line_1_29' title="bbox 59 2769 1125 2834; baseline -0.002 -12"><span class='ocrx_word' id='word_1_253' title='bbox 59 2770 215 2822; x_wconf 66' lang='lat' dir='ltr'>odorem.</span> <span class='ocrx_word' id='word_1_254' title='bbox 244 2797 276 2807; x_wconf 90' lang='lat'><em>—</em></span> <span class='ocrx_word' id='word_1_255' title='bbox 305 2769 442 2820; x_wconf 75' lang='lat' dir='ltr'>concedens</span> <span class='ocrx_word' id='word_1_256' title='bbox 470 2792 487 2811; x_wconf 98' lang='lat'>=</span> <span class='ocrx_word' id='word_1_257' title='bbox 510 2787 570 2821; x_wconf 90' lang='lat' dir='ltr'>con·</span> <span class='ocrx_word' id='word_1_258' title='bbox 618 2769 734 2834; x_wconf 80' lang='lat' dir='ltr'>gliedcrn</span> <span class='ocrx_word' id='word_1_259' title='bbox 746 2771 865 2833; x_wconf 74' lang='lat' dir='ltr'>geminen,</span> <span class='ocrx_word' id='word_1_260' title='bbox 883 2784 911 2819; x_wconf 84' lang='lat' dir='ltr'>so</span> <span class='ocrx_word' id='word_1_261' title='bbox 925 2770 1013 2819; x_wconf 81' lang='lat' dir='ltr'>stelen</span> <span class='ocrx_word' id='word_1_262' title='bbox 1029 2770 1068 2819; x_wconf 88' lang='lat' dir='ltr'>sie</span> <span class='ocrx_word' id='word_1_263' title='bbox 1080 2785 1125 2834; x_wconf 79' lang='lat' dir='ltr'>ge-</span> 
     </span>
     <span class='ocr_line' id='line_1_30' title="bbox 59 2836 1123 2907; baseline -0.001 -17"><span class='ocrx_word' id='word_1_264' title='bbox 59 2839 165 2890; x_wconf 78' lang='lat' dir='ltr'>donns.</span> <span class='ocrx_word' id='word_1_265' title='bbox 177 2867 206 2876; x_wconf 87' lang='lat'><em>-</em></span> <span class='ocrx_word' id='word_1_266' title='bbox 223 2855 259 2889; x_wconf 71' lang='lat' dir='ltr'>ecc</span> <span class='ocrx_word' id='word_1_267' title='bbox 272 2841 419 2907; x_wconf 62' lang='lat' dir='ltr'>paemene</span> <span class='ocrx_word' id='word_1_268' title='bbox 434 2841 490 2889; x_wconf 77' lang='lat' dir='ltr'>suis</span> <span class='ocrx_word' id='word_1_269' title='bbox 505 2839 570 2905; x_wconf 80' lang='lat' dir='ltr'>offi-</span> <span class='ocrx_word' id='word_1_270' title='bbox 619 2837 746 2889; x_wconf 78' lang='lat' dir='ltr'>wobnlicli</span> <span class='ocrx_word' id='word_1_271' title='bbox 757 2838 843 2888; x_wconf 89' lang='lat' dir='ltr'>hinter</span> <span class='ocrx_word' id='word_1_272' title='bbox 854 2837 901 2887; x_wconf 87' lang='lat' dir='ltr'>der</span> <span class='ocrx_word' id='word_1_273' title='bbox 912 2836 1048 2901; x_wconf 78' lang='lat' dir='ltr'>Negation.</span> <span class='ocrx_word' id='word_1_274' title='bbox 1070 2837 1123 2889; x_wconf 81' lang='lat' dir='ltr'>Cic.</span> 
     </span>
     <span class='ocr_line' id='line_1_31' title="bbox 60 2904 1127 2974; baseline 0 -16"><span class='ocrx_word' id='word_1_275' title='bbox 60 2909 108 2958; x_wconf 71' lang='lat' dir='ltr'>eide</span> <span class='ocrx_word' id='word_1_276' title='bbox 121 2930 140 2951; x_wconf 83' lang='lat'><em>=</em></span> <span class='ocrx_word' id='word_1_277' title='bbox 155 2907 220 2959; x_wconf 79' lang='lat' dir='ltr'>nach</span> <span class='ocrx_word' id='word_1_278' title='bbox 246 2908 293 2958; x_wconf 87' lang='lat' dir='ltr'>den</span> <span class='ocrx_word' id='word_1_279' title='bbox 317 2908 391 2957; x_wconf 88' lang='lat' dir='ltr'>lbnen</span> <span class='ocrx_word' id='word_1_280' title='bbox 415 2904 502 2958; x_wconf 82' lang='lat' dir='ltr'>friiher</span> <span class='ocrx_word' id='word_1_281' title='bbox 520 2923 570 2959; x_wconf 87' lang='lat' dir='ltr'>von</span> <span class='ocrx_word' id='word_1_282' title='bbox 619 2904 720 2958; x_wconf 83' lang='lat' dir='ltr'>odiam.</span> <span class='ocrx_word' id='word_1_283' title='bbox 734 2909 756 2972; x_wconf 77' lang='lat' dir='ltr'>b,</span> <span class='ocrx_word' id='word_1_284' title='bbox 769 2906 794 2969; x_wconf 83' lang='lat'>2,</span> <span class='ocrx_word' id='word_1_285' title='bbox 809 2907 1127 2974; x_wconf 68' lang='lat' dir='ltr'>idmonegooppugemvi</span> 
     </span>
     <span class='ocr_line' id='line_1_32' title="bbox 59 2973 1125 3045; baseline -0.002 -17"><span class='ocrx_word' id='word_1_286' title='bbox 59 2976 112 3028; x_wconf 81' lang='lat' dir='ltr'>ibnr</span> <span class='ocrx_word' id='word_1_287' title='bbox 123 2976 285 3028; x_wconf 73' lang='lat' dir='ltr'>erwiesenen</span> <span class='ocrx_word' id='word_1_288' title='bbox 297 2977 429 3028; x_wconf 74' lang='lat' dir='ltr'>Diensten,</span> <span class='ocrx_word' id='word_1_289' title='bbox 451 2975 494 3026; x_wconf 89' lang='lat' dir='ltr'>Sic</span> <span class='ocrx_word' id='word_1_290' title='bbox 507 2976 570 3026; x_wconf 92' lang='lat' dir='ltr'>soll·</span> <span class='ocrx_word' id='word_1_291' title='bbox 613 2978 728 3043; x_wconf 78' lang='lat' dir='ltr'>fratrem</span> <span class='ocrx_word' id='word_1_292' title='bbox 741 2979 824 3038; x_wconf 83' lang='lat' dir='ltr'>tuum,</span> <span class='ocrx_word' id='word_1_293' title='bbox 843 2973 889 3024; x_wconf 82' lang='lat' dir='ltr'>aad</span> <span class='ocrx_word' id='word_1_294' title='bbox 899 2976 988 3041; x_wconf 76' lang='lat' dir='ltr'>fram</span> <span class='ocrx_word' id='word_1_295' title='bbox 997 2979 1039 3026; x_wconf 83' lang='lat' dir='ltr'>tuo</span> <span class='ocrx_word' id='word_1_296' title='bbox 1051 2990 1125 3045; x_wconf 78' lang='lat' dir='ltr'>repu-</span> 
     </span>
     <span class='ocr_line' id='line_1_33' title="bbox 59 3043 703 3112; baseline -0.002 -16"><span class='ocrx_word' id='word_1_297' title='bbox 59 3052 103 3097; x_wconf 88' lang='lat' dir='ltr'>tcn</span> <span class='ocrx_word' id='word_1_298' title='bbox 121 3061 173 3097; x_wconf 85' lang='lat' dir='ltr'>von</span> <span class='ocrx_word' id='word_1_299' title='bbox 189 3045 278 3096; x_wconf 90' lang='lat' dir='ltr'>diesen</span> <span class='ocrx_word' id='word_1_300' title='bbox 290 3043 336 3096; x_wconf 80' lang='lat' dir='ltr'>aul</span> <span class='ocrx_word' id='word_1_301' title='bbox 355 3046 399 3095; x_wconf 92' lang='lat' dir='ltr'>das</span> <span class='ocrx_word' id='word_1_302' title='bbox 421 3044 570 3110; x_wconf 86' lang='lat' dir='ltr'>schliessen‚</span> <span class='ocrx_word' id='word_1_303' title='bbox 616 3047 703 3112; x_wconf 72' lang='lat' dir='ltr'>gamm</span> 
     </span>
     <span class='ocr_line' id='line_1_34' title="bbox 60 3110 1127 3180; baseline -0.002 -14"><span class='ocrx_word' id='word_1_304' title='bbox 60 3129 114 3166; x_wconf 77' lang='lat' dir='ltr'>was</span> <span class='ocrx_word' id='word_1_305' title='bbox 132 3112 234 3166; x_wconf 88' lang='lat' dir='ltr'>sievon</span> <span class='ocrx_word' id='word_1_306' title='bbox 250 3113 301 3165; x_wconf 80' lang='lat' dir='ltr'>inm</span> <span class='ocrx_word' id='word_1_307' title='bbox 318 3115 383 3165; x_wconf 86' lang='lat' dir='ltr'>noch</span> <span class='ocrx_word' id='word_1_308' title='bbox 398 3130 430 3164; x_wconf 73' lang='grc' dir='ltr'>ιιι</span> <span class='ocrx_word' id='word_1_309' title='bbox 443 3122 571 3166; x_wconf 86' lang='lat' dir='ltr'>erwarton</span> <span class='ocrx_word' id='word_1_310' title='bbox 653 3116 677 3166; x_wconf 79' lang='lat'>4.</span> <span class='ocrx_word' id='word_1_311' title='bbox 705 3129 762 3165; x_wconf 81' lang='lat' dir='ltr'>cum</span> <span class='ocrx_word' id='word_1_312' title='bbox 785 3114 876 3180; x_wconf 72' lang='lat' dir='ltr'>paucis</span> <span class='ocrx_word' id='word_1_313' title='bbox 902 3110 1033 3164; x_wconf 76' lang='lat' dir='ltr'>clientibus</span> <span class='ocrx_word' id='word_1_314' title='bbox 1057 3117 1127 3164; x_wconf 81' lang='lat' dir='ltr'>suia:</span> 
     </span>
     <span class='ocr_line' id='line_1_35' title="bbox 59 3181 1127 3248; baseline -0.003 -13"><span class='ocrx_word' id='word_1_315' title='bbox 59 3183 244 3247; x_wconf 70' lang='lat' dir='ltr'>bdttomdnlrer</span> <span class='ocrx_word' id='word_1_316' title='bbox 255 3183 571 3235; x_wconf 82' lang='lat' dir='ltr'>nichtnachunredliohem</span> <span class='ocrx_word' id='word_1_317' title='bbox 621 3184 647 3234; x_wconf 82' lang='grc' dir='ltr'>Β,</span> <span class='ocrx_word' id='word_1_318' title='bbox 661 3182 691 3235; x_wconf 83' lang='lat' dir='ltr'>G.</span> <span class='ocrx_word' id='word_1_319' title='bbox 707 3184 729 3248; x_wconf 88' lang='lat'>1,</span> <span class='ocrx_word' id='word_1_320' title='bbox 743 3181 783 3245; x_wconf 81' lang='lat'>52,</span> <span class='ocrx_word' id='word_1_321' title='bbox 796 3184 820 3232; x_wconf 77' lang='lat'>5.</span> <span class='ocrx_word' id='word_1_322' title='bbox 837 3209 870 3218; x_wconf 92' lang='lat'>-</span> <span class='ocrx_word' id='word_1_323' title='bbox 888 3197 945 3232; x_wconf 84' lang='lat' dir='ltr'>cum</span> <span class='ocrx_word' id='word_1_324' title='bbox 955 3184 1067 3233; x_wconf 67' lang='lat' dir='ltr'>”munere</span> <span class='ocrx_word' id='word_1_325' title='bbox 1080 3182 1127 3232; x_wconf 84' lang='lat' dir='ltr'>nli-</span> 
     </span>
     <span class='ocr_line' id='line_1_36' title="bbox 60 3249 1125 3319; baseline -0.005 -15"><span class='ocrx_word' id='word_1_326' title='bbox 60 3249 171 3304; x_wconf 80' lang='lat' dir='ltr'>Gcwinn</span> <span class='ocrx_word' id='word_1_327' title='bbox 184 3251 296 3304; x_wconf 86' lang='lat' dir='ltr'>streben.</span> <span class='ocrx_word' id='word_1_328' title='bbox 620 3268 681 3319; x_wconf 81' lang='lat' dir='ltr'>poc:</span> <span class='ocrx_word' id='word_1_329' title='bbox 699 3251 746 3301; x_wconf 91' lang='lat' dir='ltr'>mit</span> <span class='ocrx_word' id='word_1_330' title='bbox 763 3251 845 3301; x_wconf 85' lang='lat' dir='ltr'>ciuem</span> <span class='ocrx_word' id='word_1_331' title='bbox 856 3249 970 3315; x_wconf 88' lang='lat' dir='ltr'>lJicnste,</span> <span class='ocrx_word' id='word_1_332' title='bbox 987 3252 1066 3301; x_wconf 86' lang='lat' dir='ltr'>durch</span> <span class='ocrx_word' id='word_1_333' title='bbox 1079 3252 1125 3302; x_wconf 90' lang='lat' dir='ltr'>den</span> 
     </span>
    </p>

    <p class='ocr_par' dir='ltr' id='par_1_6' title="bbox 59 3318 1127 3933">
     <span class='ocr_line' id='line_1_37' title="bbox 95 3318 1126 3386; baseline -0.004 -13"><span class='ocrx_word' id='word_1_334' title='bbox 95 3322 121 3373; x_wconf 78' lang='lat'>2.</span> <span class='ocrx_word' id='word_1_335' title='bbox 144 3318 181 3372; x_wconf 81' lang='lat' dir='ltr'>ad</span> <span class='ocrx_word' id='word_1_336' title='bbox 191 3334 289 3371; x_wconf 75' lang='lat' dir='ltr'>ornnes.-</span> <span class='ocrx_word' id='word_1_337' title='bbox 304 3320 347 3372; x_wconf 89' lang='lat' dir='ltr'>bei</span> <span class='ocrx_word' id='word_1_338' title='bbox 362 3319 443 3383; x_wconf 74' lang='lat' dir='ltr'>ullen3</span> <span class='ocrx_word' id='word_1_339' title='bbox 462 3335 482 3369; x_wconf 91' lang='lat' dir='ltr'>s.</span> <span class='ocrx_word' id='word_1_340' title='bbox 500 3337 532 3370; x_wconf 89' lang='lat' dir='ltr'>zu</span> <span class='ocrx_word' id='word_1_341' title='bbox 542 3320 570 3371; x_wconf 91' lang='lat' dir='ltr'>B.</span> <span class='ocrx_word' id='word_1_342' title='bbox 621 3321 660 3372; x_wconf 88' lang='lat' dir='ltr'>sie</span> <span class='ocrx_word' id='word_1_343' title='bbox 682 3320 739 3371; x_wconf 85' lang='lat' dir='ltr'>sich</span> <span class='ocrx_word' id='word_1_344' title='bbox 756 3319 812 3371; x_wconf 88' lang='lat' dir='ltr'>dem</span> <span class='ocrx_word' id='word_1_345' title='bbox 830 3318 963 3385; x_wconf 86' lang='lat' dir='ltr'>Pompeius</span> <span class='ocrx_word' id='word_1_346' title='bbox 986 3319 1126 3386; x_wconf 85' lang='lat' dir='ltr'>empleblen</span> 
     </span>
     <span class='ocr_line' id='line_1_38' title="bbox 61 3387 740 3456; baseline -0.004 -14"><span class='ocrx_word' id='word_1_347' title='bbox 61 3387 92 3442; x_wconf 79' lang='lat' dir='ltr'>G.</span> <span class='ocrx_word' id='word_1_348' title='bbox 115 3391 140 3454; x_wconf 77' lang='lat'>4,</span> <span class='ocrx_word' id='word_1_349' title='bbox 164 3389 204 3452; x_wconf 75' lang='lat'>16,</span> <span class='ocrx_word' id='word_1_350' title='bbox 225 3389 252 3439; x_wconf 80' lang='lat'>7:</span> <span class='ocrx_word' id='word_1_351' title='bbox 277 3405 368 3440; x_wconf 74' lang='lat' dir='ltr'>monton</span> <span class='ocrx_word' id='word_1_352' title='bbox 388 3393 411 3439; x_wconf 86' lang='lat' dir='ltr'>et</span> <span class='ocrx_word' id='word_1_353' title='bbox 431 3390 572 3456; x_wconf 76' lang='lat' dir='ltr'>opinabnmn</span> <span class='ocrx_word' id='word_1_354' title='bbox 621 3389 740 3439; x_wconf 85' lang='lat' dir='ltr'>konntcn.</span> 
     </span>
     <span class='ocr_line' id='line_1_39' title="bbox 59 3456 1125 3524; baseline -0.005 -14"><span class='ocrx_word' id='word_1_355' title='bbox 59 3462 116 3510; x_wconf 77' lang='lat' dir='ltr'>ciacc</span> <span class='ocrx_word' id='word_1_356' title='bbox 139 3459 272 3509; x_wconf 73' lang='lat' dir='ltr'>exercitus</span> <span class='ocrx_word' id='word_1_357' title='bbox 296 3487 313 3494; x_wconf 95' lang='lat'>-</span> <span class='ocrx_word' id='word_1_358' title='bbox 333 3457 369 3508; x_wconf 85' lang='lat' dir='ltr'>ad</span> <span class='ocrx_word' id='word_1_359' title='bbox 386 3456 490 3507; x_wconf 73' lang='lat' dir='ltr'>ebrietas</span> <span class='ocrx_word' id='word_1_360' title='bbox 511 3456 571 3509; x_wconf 84' lang='lat' dir='ltr'>Gor·</span> <span class='ocrx_word' id='word_1_361' title='bbox 655 3459 678 3508; x_wconf 79' lang='lat'>5.</span> <span class='ocrx_word' id='word_1_362' title='bbox 699 3461 834 3524; x_wconf 75' lang='lat' dir='ltr'>postquam</span> <span class='ocrx_word' id='word_1_363' title='bbox 853 3485 871 3493; x_wconf 88' lang='lat'><em>-</em></span> <span class='ocrx_word' id='word_1_364' title='bbox 890 3460 990 3508; x_wconf 80' lang='lat' dir='ltr'>odeum</span> <span class='ocrx_word' id='word_1_365' title='bbox 1013 3461 1059 3508; x_wconf 81' lang='lat' dir='ltr'>eal</span> <span class='ocrx_word' id='word_1_366' title='bbox 1083 3472 1125 3506; x_wconf 77' lang='lat' dir='ltr'>tce-</span> 
     </span>
     <span class='ocr_line' id='line_1_40' title="bbox 60 3523 1125 3592; baseline -0.005 -14"><span class='ocrx_word' id='word_1_367' title='bbox 60 3542 199 3581; x_wconf 80' lang='lat' dir='ltr'>manorum</span> <span class='ocrx_word' id='word_1_368' title='bbox 219 3530 341 3578; x_wconf 74' lang='lat' dir='ltr'>natiotws.</span> <span class='ocrx_word' id='word_1_369' title='bbox 375 3524 573 3591; x_wconf 83' lang='lat' dir='ltr'>3‚9‚3:puod</span> <span class='ocrx_word' id='word_1_370' title='bbox 620 3542 667 3592; x_wconf 78' lang='lat' dir='ltr'>pue</span> <span class='ocrx_word' id='word_1_371' title='bbox 689 3554 706 3562; x_wconf 95' lang='lat'>-</span> <span class='ocrx_word' id='word_1_372' title='bbox 728 3524 876 3592; x_wconf 80' lang='lat' dir='ltr'>dabutur,</span> <span class='ocrx_word' id='word_1_373' title='bbox 910 3527 955 3577; x_wconf 85' lang='lat' dir='ltr'>das</span> <span class='ocrx_word' id='word_1_374' title='bbox 984 3523 1051 3576; x_wconf 81' lang='lat' dir='ltr'>Peri.</span> <span class='ocrx_word' id='word_1_375' title='bbox 1076 3539 1125 3575; x_wconf 88' lang='lat' dir='ltr'>von</span> 
     </span>
     <span class='ocr_line' id='line_1_41' title="bbox 60 3593 1126 3658; baseline -0.006 -10"><span class='ocrx_word' id='word_1_376' title='bbox 60 3612 153 3648; x_wconf 81' lang='lat' dir='ltr'>nomen</span> <span class='ocrx_word' id='word_1_377' title='bbox 171 3593 207 3645; x_wconf 84' lang='lat' dir='ltr'>ud</span> <span class='ocrx_word' id='word_1_378' title='bbox 221 3609 307 3646; x_wconf 79' lang='lat' dir='ltr'>munes</span> <span class='ocrx_word' id='word_1_379' title='bbox 325 3597 440 3646; x_wconf 66' lang='lat' dir='ltr'>uniones</span> <span class='ocrx_word' id='word_1_380' title='bbox 456 3599 571 3645; x_wconf 70' lang='lat' dir='ltr'>sanctem</span> <span class='ocrx_word' id='word_1_381' title='bbox 621 3594 702 3647; x_wconf 81' lang='lat' dir='ltr'>einen</span> <span class='ocrx_word' id='word_1_382' title='bbox 721 3593 853 3645; x_wconf 88' lang='lat' dir='ltr'>einzelnen</span> <span class='ocrx_word' id='word_1_383' title='bbox 872 3593 978 3645; x_wconf 81' lang='lat' dir='ltr'>Fuetmn</span> <span class='ocrx_word' id='word_1_384' title='bbox 997 3595 1062 3658; x_wconf 83' lang='lat' dir='ltr'>(man</span> <span class='ocrx_word' id='word_1_385' title='bbox 1081 3593 1126 3642; x_wconf 84' lang='lat' dir='ltr'>sah</span> 
     </span>
     <span class='ocr_line' id='line_1_42' title="bbox 63 3659 1126 3732; baseline -0.006 -16"><span class='ocrx_word' id='word_1_386' title='bbox 63 3679 165 3732; x_wconf 79' lang='lat' dir='ltr'>semper</span> <span class='ocrx_word' id='word_1_387' title='bbox 178 3664 287 3729; x_wconf 72' lang='lat' dir='ltr'>fuisset.</span> <span class='ocrx_word' id='word_1_388' title='bbox 306 3691 338 3700; x_wconf 93' lang='lat'>—</span> <span class='ocrx_word' id='word_1_389' title='bbox 356 3662 488 3714; x_wconf 82' lang='lat' dir='ltr'>domestico</span> <span class='ocrx_word' id='word_1_390' title='bbox 504 3661 570 3713; x_wconf 81' lang='lat' dir='ltr'>indi·</span> <span class='ocrx_word' id='word_1_391' title='bbox 620 3664 670 3726; x_wconf 87' lang='lat' dir='ltr'>ein,</span> <span class='ocrx_word' id='word_1_392' title='bbox 683 3663 742 3712; x_wconf 85' lang='lat' dir='ltr'>dass</span> <span class='ocrx_word' id='word_1_393' title='bbox 755 3678 783 3714; x_wconf 89' lang='lat' dir='ltr'>es</span> <span class='ocrx_word' id='word_1_394' title='bbox 795 3663 934 3728; x_wconf 77' lang='lat' dir='ltr'>schwicrig</span> <span class='ocrx_word' id='word_1_395' title='bbox 950 3663 1007 3726; x_wconf 84' lang='lat' dir='ltr'>sei),</span> <span class='ocrx_word' id='word_1_396' title='bbox 1019 3663 1064 3712; x_wconf 85' lang='lat' dir='ltr'>das</span> <span class='ocrx_word' id='word_1_397' title='bbox 1079 3659 1126 3710; x_wconf 89' lang='lat' dir='ltr'>lm-</span> 
     </span>
     <span class='ocr_line' id='line_1_43' title="bbox 59 3729 1125 3798; baseline -0.006 -13"><span class='ocrx_word' id='word_1_398' title='bbox 59 3737 111 3785; x_wconf 80' lang='lat' dir='ltr'>cio:</span> <span class='ocrx_word' id='word_1_399' title='bbox 127 3733 171 3784; x_wconf 86' lang='lat' dir='ltr'>die</span> <span class='ocrx_word' id='word_1_400' title='bbox 183 3729 362 3798; x_wconf 65' lang='lat' dir='ltr'>blainum-uer</span> <span class='ocrx_word' id='word_1_401' title='bbox 374 3730 502 3796; x_wconf 79' lang='lat' dir='ltr'>Seinigen,</span> <span class='ocrx_word' id='word_1_402' title='bbox 518 3731 570 3781; x_wconf 88' lang='lat' dir='ltr'>sei·</span> <span class='ocrx_word' id='word_1_403' title='bbox 619 3730 741 3798; x_wconf 81' lang='lat' dir='ltr'>peri.von</span> <span class='ocrx_word' id='word_1_404' title='bbox 751 3731 833 3783; x_wconf 86' lang='lat' dir='ltr'>ciuem</span> <span class='ocrx_word' id='word_1_405' title='bbox 843 3731 988 3783; x_wconf 75' lang='lat' dir='ltr'>dauernden</span> <span class='ocrx_word' id='word_1_406' title='bbox 996 3729 1125 3790; x_wconf 82' lang='lat' dir='ltr'>Zustand;</span> 
     </span>
     <span class='ocr_line' id='line_1_44' title="bbox 61 3797 1127 3867; baseline -0.007 -13"><span class='ocrx_word' id='word_1_407' title='bbox 61 3817 109 3854; x_wconf 84' lang='lat' dir='ltr'>ner</span> <span class='ocrx_word' id='word_1_408' title='bbox 130 3800 291 3867; x_wconf 69' lang='lat' dir='ltr'>Ungebung‚</span> <span class='ocrx_word' id='word_1_409' title='bbox 314 3802 348 3851; x_wconf 89' lang='lat' dir='ltr'>im</span> <span class='ocrx_word' id='word_1_410' title='bbox 372 3798 515 3863; x_wconf 76' lang='lat' dir='ltr'>Gcgensutz</span> <span class='ocrx_word' id='word_1_411' title='bbox 539 3815 570 3849; x_wconf 77' lang='grc' dir='ltr'>ιιι</span> <span class='ocrx_word' id='word_1_412' title='bbox 621 3815 648 3851; x_wconf 89' lang='lat' dir='ltr'>es</span> <span class='ocrx_word' id='word_1_413' title='bbox 670 3814 726 3850; x_wconf 86' lang='lat' dir='ltr'>war</span> <span class='ocrx_word' id='word_1_414' title='bbox 743 3800 864 3851; x_wconf 84' lang='lat' dir='ltr'>wlihrend</span> <span class='ocrx_word' id='word_1_415' title='bbox 885 3802 932 3850; x_wconf 91' lang='lat' dir='ltr'>der</span> <span class='ocrx_word' id='word_1_416' title='bbox 953 3814 1049 3864; x_wconf 77' lang='lat' dir='ltr'>ganzen</span> <span class='ocrx_word' id='word_1_417' title='bbox 1066 3797 1127 3848; x_wconf 88' lang='lat' dir='ltr'>Zeit</span> 
     </span>
     <span class='ocr_line' id='line_1_45' title="bbox 60 3866 1125 3933; baseline -0.007 -11"><span class='ocrx_word' id='word_1_418' title='bbox 60 3870 172 3922; x_wconf 62' lang='grc' dir='ltr'>αὲιὶινιαιι</span> <span class='ocrx_word' id='word_1_419' title='bbox 184 3870 394 3921; x_wconf 63' lang='lat' dir='ltr'>coemtionem.</span> <span class='ocrx_word' id='word_1_420' title='bbox 620 3868 694 3920; x_wconf 78' lang='lat' dir='ltr'>lueinc</span> <span class='ocrx_word' id='word_1_421' title='bbox 708 3866 876 3933; x_wconf 76' lang='lat' dir='ltr'>Gelcgenheit</span> <span class='ocrx_word' id='word_1_422' title='bbox 887 3869 951 3918; x_wconf 84' lang='lat' dir='ltr'>dazu</span> <span class='ocrx_word' id='word_1_423' title='bbox 963 3868 1002 3918; x_wconf 87' lang='lat' dir='ltr'>da.</span> <span class='ocrx_word' id='word_1_424' title='bbox 1025 3866 1125 3917; x_wconf 84' lang='lat' dir='ltr'>llbenso</span> 
     </span>
    </p>

    <p class='ocr_par' dir='ltr' id='par_1_7' title="bbox 62 3934 1188 4074">
     <span class='ocr_line' id='line_1_46' title="bbox 97 3934 1188 4006; baseline -0.005 -16"><span class='ocrx_word' id='word_1_425' title='bbox 97 3940 121 3990; x_wconf 82' lang='grc'>3.</span> <span class='ocrx_word' id='word_1_426' title='bbox 174 3937 401 4006; x_wconf 78' lang='lat' dir='ltr'>opudore=cuius</span> <span class='ocrx_word' id='word_1_427' title='bbox 413 3936 452 3988; x_wconf 86' lang='lat' dir='ltr'>rei</span> <span class='ocrx_word' id='word_1_428' title='bbox 463 3938 570 4003; x_wconf 68' lang='lat' dir='ltr'>pudor-123</span> <span class='ocrx_word' id='word_1_429' title='bbox 620 3935 777 4004; x_wconf 87' lang='lat' dir='ltr'>daslmperl.</span> <span class='ocrx_word' id='word_1_430' title='bbox 790 3953 811 3987; x_wconf 83' lang='lat' dir='ltr'>c.</span> <span class='ocrx_word' id='word_1_431' title='bbox 825 3936 866 4000; x_wconf 76' lang='lat'>58,</span> <span class='ocrx_word' id='word_1_432' title='bbox 880 3934 1125 4004; x_wconf 55' lang='lat' dir='ltr'>&amp;postquam—da·</span> <span class='ocrx_word' id='word_1_433' title='bbox 1185 3988 1188 3992; x_wconf 12' lang='lat'>⁸</span> 
     </span>
     <span class='ocr_line' id='line_1_47' title="bbox 62 3955 1125 4074; baseline -0.004 -16"><span class='ocrx_word' id='word_1_434' title='bbox 62 4025 82 4059; x_wconf 87' lang='lat' dir='ltr'>s.</span> <span class='ocrx_word' id='word_1_435' title='bbox 97 4009 122 4074; x_wconf 79' lang='lat'>2,</span> <span class='ocrx_word' id='word_1_436' title='bbox 139 3955 224 4073; x_wconf 57' lang='lat' dir='ltr'>gibi:</span> <span class='ocrx_word' id='word_1_437' title='bbox 242 4009 289 4059; x_wconf 81' lang='lat' dir='ltr'>boc</span> <span class='ocrx_word' id='word_1_438' title='bbox 300 4009 398 4074; x_wconf 75' lang='lat' dir='ltr'>ttinere,</span> <span class='ocrx_word' id='word_1_439' title='bbox 415 4022 439 4057; x_wconf 90' lang='lat' dir='ltr'>u.</span> <span class='ocrx_word' id='word_1_440' title='bbox 456 4022 486 4056; x_wconf 85' lang='lat' dir='ltr'>zu</span> <span class='ocrx_word' id='word_1_441' title='bbox 500 4006 526 4057; x_wconf 88' lang='lat' dir='ltr'>B.</span> <span class='ocrx_word' id='word_1_442' title='bbox 540 4002 570 4058; x_wconf 86' lang='lat' dir='ltr'>G.</span> <span class='ocrx_word' id='word_1_443' title='bbox 617 4005 728 4070; x_wconf 74' lang='lat' dir='ltr'>fleiedat.</span> <span class='ocrx_word' id='word_1_444' title='bbox 754 4006 781 4056; x_wconf 90' lang='lat' dir='ltr'>B.</span> <span class='ocrx_word' id='word_1_445' title='bbox 799 4003 830 4056; x_wconf 78' lang='lat' dir='ltr'>d.</span> <span class='ocrx_word' id='word_1_446' title='bbox 849 4005 873 4068; x_wconf 81' lang='lat'>7,</span> <span class='ocrx_word' id='word_1_447' title='bbox 891 4004 933 4070; x_wconf 81' lang='lat' dir='ltr'>ot,</span> <span class='ocrx_word' id='word_1_448' title='bbox 950 4005 977 4055; x_wconf 79' lang='lat' dir='ltr'>d:</span> <span class='ocrx_word' id='word_1_449' title='bbox 992 4007 1125 4072; x_wconf 73' lang='lat' dir='ltr'>postquam</span> 
     </span>
    </p>
   </div>
   <div class='ocr_carea' id='block_1_4' title="bbox 0 0 1290 4424">
    <p class='ocr_par' dir='ltr' id='par_1_8' title="bbox 0 0 1290 4424">
     <span class='ocr_line' id='line_1_48' title="bbox 0 0 1290 4424; baseline 0 0"><span class='ocrx_word' id='word_1_450' title='bbox 0 0 1290 4424; x_wconf 95' lang='lat' dir='ltr'> </span> 
     </span>
    </p>
   </div>
  </div>
 </body>
</html>
