2572 4424
525 275 688 330 mur-rc.
1072 281 1134 345 179

66 432 210 513 angrrstiis
230 450 265 494 ac
279 449 313 493 se
327 428 403 492 libo
417 449 486 493 cum
503 432 607 494 Bibulo
629 432 841 507 coniunxisset,
862 432 1027 514 loquuntur
1045 434 1133 496 ambo

66 536 100 579 ex
113 518 242 581 naribus
258 536 328 579 cum
339 518 386 578 Μ’.
402 517 494 579 Acilio
513 527 543 579 et
558 518 652 579 Statio
664 519 766 580 llurco
781 519 900 599 legatis3
915 539 1043 600 quorum
1059 521 1133 582 alter

65 604 166 684 oppidi
186 603 300 678 muris,
321 604 395 665 alter
409 604 565 683 praesidiis
581 604 772 666 terrestribus
788 614 936 685 praeerat:
958 607 1029 668 velle
1047 608 1131 667 sede

64 689 202 751 maximis
222 690 313 752 rebus
334 709 402 751 cum
418 689 542 751 Caesare
563 690 659 771 loqui,
680 692 705 751 si
722 691 779 751 sibi
795 692 914 753 facultas
936 693 1032 754 detur.
1064 692 1167 754 Hucl

63 776 176 837 addunt
190 794 283 855 pauca
298 776 342 837 rei
358 775 578 837 confirmandae
594 795 690 849 causa,
706 785 740 838 ut
754 778 791 838 do
807 778 1025 857 compositione
1037 778 1131 840 acturi

63 860 246 923 riderentur.
275 861 398 922 Interim
422 863 574 940 postulant
589 870 622 923 ut
637 863 696 924 sint
712 863 853 936 indutiae,
869 872 957 944 atque
972 865 1009 926 ab
1021 865 1056 925 iis
1073 865 1131 925 im-

63 955 192 1027 petrant.
218 947 358 1026 Magnum
370 947 459 1016 euim,
472 949 551 1028 quod
564 948 737 1021 afferebant,
753 949 915 1022 ridebatur,
932 957 961 1011 et
973 951 1129 1011 Caesarem
1150 958 1166 1009 8

10 1056 13 1062 ·
63 1032 90 1095 id
101 1050 224 1094 summe
236 1031 369 1094 sciebant
380 1052 499 1112 cupere,
513 1043 543 1095 et
553 1034 721 1114 profectum
734 1035 842 1115 aliquid
850 1034 968 1097 Vibullii
980 1035 1127 1099 mandatis

63 1118 298 1181 existimabatur.

150 1204 200 1266 16.
217 1203 325 1266 Caesar
340 1223 375 1265 eo
390 1212 526 1284 tempore
543 1224 610 1266 cum
627 1205 742 1284 legione
758 1224 816 1267 una
832 1206 985 1286 profectus
1002 1208 1037 1268 ad
1052 1208 1130 1269 reci·

62 1290 1129 1374 piendasulteriorescivitatesetremlrumentariamexpediendam,qua

62 1385 187 1456 mguste
199 1375 347 1449 utebatur,
359 1385 423 1438 erat
435 1377 667 1450 adssutbrotum
680 1379 821 1457 oppidum
835 1379 1008 1459 oppositum
1021 1379 1130 1460 Corcy-

60 1480 120 1525 rae.
142 1462 187 1524 lbi
199 1463 307 1525 certior
318 1462 355 1524 ab
366 1462 458 1524 Acilio
471 1472 501 1524 et
512 1464 612 1525 Murco
625 1482 679 1543 per
690 1464 803 1526 litteras
816 1464 912 1525 sactus
924 1465 961 1526 de
972 1466 1127 1544 postulatis
1148 1477 1164 1527 2

60 1547 184 1611 Libonis
196 1555 228 1611 et
238 1547 335 1610 bibuli
345 1548 492 1627 legionem
505 1549 662 1629 relinquit3
676 1550 740 1629 ipse
754 1548 874 1611 Oricum
886 1551 1056 1612 revertitur.
1083 1550 1127 1612 Eo
1149 1563 1164 1612 3

60 1652 130 1697 cum
146 1634 288 1709 venisset,
307 1643 469 1696 evocantur
483 1635 524 1695 illi
540 1636 576 1696 ad
593 1635 783 1715 colloquium.
820 1635 923 1697 Prodit
937 1635 1011 1697 Libo
1027 1653 1128 1717 neque

62 1730 186 1783 excusat
201 1720 354 1794 Bibulum,
375 1721 457 1801 quod
472 1721 497 1781 is
518 1720 669 1782 bacundia
687 1740 804 1783 summa
820 1731 883 1783 erat
899 1722 1128 1802 inimicitiasque

59 1806 190 1869 habebat
204 1806 292 1868 etiam
304 1806 431 1886 privatas
443 1826 511 1868 cum
525 1806 648 1867 Caesare
660 1826 696 1868 ex
708 1808 854 1869 aedilitate
867 1816 900 1869 et·
907 1816 1043 1887 praetura
1056 1825 1128 1869 con-

59 1902 176 1972 ceptas:
193 1891 310 1954 obeam
325 1910 446 1960 causam
462 1893 641 1973 colloquium
658 1894 775 1967 vitasse,
791 1910 830 1953 ne
842 1911 891 1954 res
903 1893 1048 1954 maximae
1064 1894 1130 1973 spei

59 1978 268 2058 maximaeque
288 1978 422 2039 utilitatis
448 1979 511 2040 eius
537 1979 689 2040 iracundia
710 1980 935 2059 impedirentur.
972 1979 1127 2041 Summam
1150 1984 1166 2032 4

60 2082 147 2127 suam
164 2082 232 2126 esse
247 2083 280 2125 ac
294 2064 388 2126 luisse
404 2083 525 2145 semper
540 2066 731 2138 voluntatem,
747 2075 781 2127 ut
796 2073 1027 2145 componeretur
1039 2075 1128 2145 atque

58 2148 96 2211 ab
110 2150 205 2213 armis
226 2149 446 2226 discederetur,
467 2151 521 2212 sed
540 2158 720 2231 potestatem
743 2151 807 2212 eius
822 2150 867 2212 rei
882 2151 993 2213 nullam
1009 2149 1128 2225 habere,

58 2340 105 2393 dm
123 2354 259 2391 eorem
277 2338 451 2403 dmonsuaoi,
474 2339 525 2391 wie
541 2341 567 2392 B.
621 2344 731 2392 menum
745 2342 801 2404 eibi,
819 2340 887 2407 quod
896 2339 1006 2403 Polluct';
1022 2344 1051 2390 ut
1061 2341 1128 2390 onim

59 2408 116 2461 lle
143 2408 187 2475 69,
215 2410 243 2460 4:
272 2408 356 2459 eudem
389 2412 488 2460 ratione
519 2425 569 2475 qua
618 2409 1058 2476 geninissratribusoedesinforu
1071 2424 1128 2459 oon·

34 2498 37 2503 ·
58 2483 118 2529 aute
138 2476 199 2529 delei
219 2478 304 2543 (niiml.
324 2480 446 2547 impetum
462 2480 569 2545 sactum
620 2481 707 2529 stduta
734 2484 832 2529 tuntum
858 2479 969 2530 Castoris
989 2482 1126 2541 uocaretur,

58 2548 132 2613 uro),
147 2550 176 2597 ia
191 2545 308 2598 rosaria
323 2546 477 2612 egenam:
490 2550 568 2616 irnpe-
620 2549 658 2596 ita
682 2563 756 2597 maru
787 2547 952 2613 Caesarisque
977 2547 1129 2612 raumfieon·

58 2617 237 2682 trrmJaeiunt
256 2644 289 2651 -
305 2615 394 2684 oppidi
407 2616 430 2667 d.
448 2617 465 2666 i.
487 2615 568 2667 Orici.
620 2617 683 2665 tiam
699 2618 777 2665 unius
795 2615 912 2666 Caesares
927 2615 982 2664 diei.
1014 2615 1066 2665 Das
1083 2615 1129 2665 nii·

92 2685 118 2738 8.
140 2686 258 2749 secedam
275 2684 385 2735 niinrlich
399 2684 501 2735 Acilius
517 2686 568 2735 und
621 2685 667 2734 her
680 2684 798 2748 liegende
815 2684 950 2747 Consuluit,
967 2683 994 2732 in
1006 2683 1128 2733 welchem

59 2752 174 2807 Murcus.
621 2752 662 2802 die
674 2752 910 2816 Misshelliglreiten
928 2751 1056 2801 zwiscbcn
1073 2749 1128 2800 bei-

95 2812 148 2874 16.
169 2821 191 2872 1.
217 2820 361 2873 ulteriores:
388 2822 430 2872 die
455 2820 568 2872 entiern·
620 2822 668 2871 den
678 2820 800 2885 Collegen
813 2822 877 2871 noch
886 2820 950 2870 weit
958 2822 1063 2881 ssrbsser
1075 2833 1128 2868 wa-

58 2898 141 2955 toron,
151 2890 253 2941 siidliclr
262 2890 401 2955 gelegenen
410 2890 567 2941 Stantem-
620 2905 665 2940 ren
684 2889 761 2952 (llinl.
779 2906 810 2938 zu
827 2890 854 2939 Β.
872 2888 902 2940 G.
915 2905 938 2954 p.
953 2887 992 2948 12)
1012 2888 1128 2938 erwiibat

124 2963 234 3025 anguste
248 2960 379 3010 umbmur:
399 2959 422 3023 1,
443 2959 484 3023 59,
497 2960 520 3009 2.
540 2960 567 3009 B.
620 2955 1127 3020 CiisareigeuthiimlicherWeisenicht.

58 2974 133 3093 ffb,
150 3026 192 3092 24,
207 3026 233 3077 l:
250 3028 417 3094 frumentum
432 3031 568 3093 angustius
619 3055 649 3062 —
662 3028 693 3077 ob
702 3042 758 3076 eant
767 3042 883 3077 causmn:
894 3042 923 3077 er
933 3033 999 3089 sagr,
1009 3040 1038 3075 er
1044 3024 1126 3090 (Libo)

54 3100 215 3165 praeuertit.
618 3094 682 3146 habe
695 3094 1128 3158 deshalbcineUntcrredungzwi-

92 3166 116 3216 3.
131 3180 209 3231 neque
222 3168 339 3215 amat:
352 3181 381 3215 er
393 3165 568 3228 ontsclruldigt
619 3165 695 3214 seben
713 3164 803 3229 ibren,
825 3165 848 3214 d.
866 3165 884 3214 i.
902 3164 1031 3214 zwischcn
1048 3163 1127 3213 Ciisur

56 3234 115 3286 sein
124 3232 283 3284 Ausbleibeu
293 3233 372 3298 nicht,
378 3234 440 3285 weil
449 3235 493 3284 das
503 3234 567 3283 doch
619 3234 668 3282 und
680 3233 794 3298 Bibulus,
807 3234 963 3296 vermieden‚
975 3249 999 3282 u.
1012 3248 1033 3282 s.
1046 3247 1078 3283 w.

56 3302 184 3354 fruchtlos
216 3317 334 3366 gewcsen
360 3305 438 3354 wilre.
472 3329 506 3339 -
532 3318 567 3351 ee

56 3370 186 3423 militate
196 3375 220 3421 et
228 3376 353 3439 praetura
366 3375 506 3438 conceptas.
530 3370 566 3420 Er
652 3372 676 3420 4.
688 3386 763 3420 cuam
775 3370 884 3421 oiimlicb
893 3369 971 3421 Libos
981 3370 1031 3418 und
1040 3369 1127 3419 seiuer

56 3456 114 3491 war
135 3439 184 3490 mit
200 3438 280 3490 Ciisar
296 3439 372 3490 Aedil
391 3440 442 3489 und
458 3438 567 3490 Praetor
618 3437 814 3502 Anftruggeber.
837 3468 870 3476 -
890 3444 919 3489 ut
938 3441 1126 3505 corapoueretur

55 3524 177 3573 gewesen
195 3508 236 3573 (zu
251 3524 272 3558 c.
290 3509 315 3573 5,
331 3509 366 3573 4).
394 3507 478 3560 Ucbcr
494 3508 565 3558 seiae
617 3503 1125 3573 unpersdnlich=utcompositio(c.ibi)

56 3578 178 3641 Stellung
205 3594 238 3627 zu
265 3577 345 3628 C'a'sar
371 3577 492 3627 wilbrond
520 3578 566 3626 der
618 3573 1124 3642 lieret-sedpotestctem-oullomba-

56 3645 228 3697 Aedilitiitim
238 3645 261 3695 J.
272 3644 508 3696 65s.Suet.Caesar
520 3645 564 3695 ro:
618 3646 687 3695 bore:
710 3644 748 3694 sic
764 3645 852 3695 hiitteu
874 3645 939 3694 duzu
959 3642 1034 3692 leina
1050 3640 1125 3693 Voll-

57 3714 87 3767 V
84 3716 214 3765 waliam
230 3714 348 3780 ludosque
362 3719 386 3765 at
400 3729 458 3764 eccm
474 3712 566 3779 collega
618 3714 714 3776 macbt,
732 3713 764 3762 du
780 3713 822 3763 die
839 3713 941 3762 oberste
957 3710 1068 3773 Leituug
1079 3709 1124 3758 des

54 3787 82 3834 ot
92 3785 232 3851 separatim
247 3782 329 3847 edzlld,
347 3799 393 3848 quo
408 3784 563 3849 factumest,
617 3779 772 3846 ltriegsdem
778 3781 910 3846 Pompeius
920 3777 1124 3842 iibcrtrugcnsei.

53 3856 85 3903 ut
96 3853 272 3902 communium
283 3868 377 3917 quoque
392 3854 565 3921 impensorum
617 3849 657 3900 An
675 3851 718 3901 ilm
735 3850 841 3900 wolltcn
863 3850 902 3899 sic
923 3848 987 3898 iiber
1002 3848 1046 3897 dio
1061 3845 1125 3895 For-

55 3918 127 3973 abac
143 3921 261 3987 panon
284 3924 395 3989 eaperel‚·
419 3934 464 3970 nee
489 3918 564 3968 ddrst'·
617 3919 746 3983 derungen
760 3917 853 3968 Cdsars
868 3916 1012 3978 beriebten3
1030 3914 1125 3965 bisdic

52 3988 168 4041 medad
183 3986 277 4053 urago
300 3991 366 4055 dus,
391 3985 426 4039 ll.
450 3986 562 4052 Bubulco,
616 3985 737 4038 Antwort
759 3982 880 4050 oinliefo,
908 3983 986 4035 sollte
1010 3981 1125 4035 Wnll'on-

251 4081 264 4097 '
912 4066 963 4122 12*

1225 3446 1243 3475 fl
