<?xml version="1.0" encoding="UTF-8"?>
<!DOCTYPE html PUBLIC "-//W3C//DTD XHTML 1.0 Transitional//EN"
    "http://www.w3.org/TR/xhtml1/DTD/xhtml1-transitional.dtd">
<html xmlns="http://www.w3.org/1999/xhtml" xml:lang="en" lang="en">
 <head>
  <title>
</title>
<meta http-equiv="Content-Type" content="text/html;charset=utf-8" />
  <meta name='ocr-system' content='tesseract 3.04.00' />
  <meta name='ocr-capabilities' content='ocr_page ocr_carea ocr_par ocr_line ocrx_word'/>
</head>
<body>
  <div class='ocr_page' id='page_1' title='image "./ciuliicaesarisc00krangoog/ciuliicaesarisc00krangoog_0141.png"; bbox 0 0 2572 4424; ppageno 0'>
   <div class='ocr_carea' id='block_1_1' title="bbox 144 274 807 343">
    <p class='ocr_par' dir='ltr' id='par_1_1' title="bbox 144 274 807 343">
     <span class='ocr_line' id='line_1_1' title="bbox 144 274 807 343; baseline -0.006 -12"><span class='ocrx_word' id='word_1_1' title='bbox 144 280 205 343; x_wconf 80' lang='lat'><strong>122</strong></span> <span class='ocrx_word' id='word_1_2' title='bbox 533 278 577 330; x_wconf 82' lang='lat' dir='ltr'><strong>DE</strong></span> <span class='ocrx_word' id='word_1_3' title='bbox 590 276 696 329; x_wconf 83' lang='lat' dir='ltr'>BELLO</span> <span class='ocrx_word' id='word_1_4' title='bbox 709 274 807 331; x_wconf 71' lang='lat' dir='ltr'>CMLI</span> 
     </span>
    </p>
   </div>
   <div class='ocr_carea' id='block_1_2' title="bbox 226 432 1204 497">
    <p class='ocr_par' dir='ltr' id='par_1_2' title="bbox 226 432 1204 497">
     <span class='ocr_line' id='line_1_2' title="bbox 226 432 1204 497; baseline 0.002 -2"><span class='ocrx_word' id='word_1_5' title='bbox 226 436 254 495; x_wconf 87' lang='lat'><strong>5.</strong></span> <span class='ocrx_word' id='word_1_6' title='bbox 285 433 398 495; x_wconf 85' lang='lat' dir='ltr'><strong>Eodem</strong></span> <span class='ocrx_word' id='word_1_7' title='bbox 413 433 523 494; x_wconf 89' lang='lat' dir='ltr'><strong>Brutus</strong></span> <span class='ocrx_word' id='word_1_8' title='bbox 548 432 702 494; x_wconf 80' lang='lat' dir='ltr'><strong>contendit</strong></span> <span class='ocrx_word' id='word_1_9' title='bbox 717 442 803 495; x_wconf 89' lang='lat' dir='ltr'><strong>aucto</strong></span> <span class='ocrx_word' id='word_1_10' title='bbox 825 433 944 495; x_wconf 87' lang='lat' dir='ltr'><strong>narium</strong></span> <span class='ocrx_word' id='word_1_11' title='bbox 959 451 1098 496; x_wconf 88' lang='lat' dir='ltr'><strong>numero.</strong></span> <span class='ocrx_word' id='word_1_12' title='bbox 1130 433 1204 497; x_wconf 81' lang='lat' dir='ltr'><strong>uam</strong></span> 
     </span>
    </p>
   </div>
   <div class='ocr_carea' id='block_1_3' title="bbox 100 519 1203 2229">
    <p class='ocr_par' dir='ltr' id='par_1_3' title="bbox 138 519 1201 686">
     <span class='ocr_line' id='line_1_3' title="bbox 139 519 1201 599; baseline -0.002 -16"><span class='ocrx_word' id='word_1_13' title='bbox 139 521 176 584; x_wconf 91' lang='lat' dir='ltr'><strong>ad</strong></span> <span class='ocrx_word' id='word_1_14' title='bbox 192 539 251 591; x_wconf 89' lang='lat' dir='ltr'><strong>eas,</strong></span> <span class='ocrx_word' id='word_1_15' title='bbox 268 539 342 599; x_wconf 92' lang='lat' dir='ltr'><strong>quae</strong></span> <span class='ocrx_word' id='word_1_16' title='bbox 359 520 451 580; x_wconf 85' lang='lat' dir='ltr'><strong>iactae</strong></span> <span class='ocrx_word' id='word_1_17' title='bbox 467 527 552 581; x_wconf 86' lang='lat' dir='ltr'><strong>erant</strong></span> <span class='ocrx_word' id='word_1_18' title='bbox 566 519 683 580; x_wconf 76' lang='lat' dir='ltr'><strong>Arelate</strong></span> <span class='ocrx_word' id='word_1_19' title='bbox 698 538 752 599; x_wconf 89' lang='lat' dir='ltr'><strong>per</strong></span> <span class='ocrx_word' id='word_1_20' title='bbox 768 520 932 593; x_wconf 89' lang='lat' dir='ltr'><strong>Caesarem,</strong></span> <span class='ocrx_word' id='word_1_21' title='bbox 948 520 1080 599; x_wconf 80' lang='lat' dir='ltr'><strong>captivae</strong></span> <span class='ocrx_word' id='word_1_22' title='bbox 1096 519 1201 583; x_wconf 79' lang='lat' dir='ltr'><strong>Massi-</strong></span> 
     </span>
     <span class='ocr_line' id='line_1_4' title="bbox 138 604 1201 686; baseline -0.001 -18"><span class='ocrx_word' id='word_1_23' title='bbox 138 606 277 668; x_wconf 89' lang='lat' dir='ltr'><strong>liensium</strong></span> <span class='ocrx_word' id='word_1_24' title='bbox 289 613 473 667; x_wconf 75' lang='lat' dir='ltr'><strong>accesserant</strong></span> <span class='ocrx_word' id='word_1_25' title='bbox 485 624 521 665; x_wconf 84' lang='lat' dir='ltr'><strong>vr.</strong></span> <span class='ocrx_word' id='word_1_26' title='bbox 552 605 610 666; x_wconf 89' lang='lat' dir='ltr'><strong>Has</strong></span> <span class='ocrx_word' id='word_1_27' title='bbox 624 604 829 684; x_wconf 92' lang='lat' dir='ltr'><strong>superioribus</strong></span> <span class='ocrx_word' id='word_1_28' title='bbox 841 604 945 666; x_wconf 78' lang='lat' dir='ltr'><strong>dielsus</strong></span> <span class='ocrx_word' id='word_1_29' title='bbox 956 605 1103 667; x_wconf 80' lang='lat' dir='ltr'><strong>refecerat</strong></span> <span class='ocrx_word' id='word_1_30' title='bbox 1113 612 1201 686; x_wconf 85' lang='lat' dir='ltr'><strong>atque</strong></span> 
     </span>
    </p>

    <p class='ocr_par' dir='ltr' id='par_1_4' title="bbox 103 691 1200 859">
     <span class='ocr_line' id='line_1_5' title="bbox 103 691 1200 771; baseline -0.001 -17"><span class='ocrx_word' id='word_1_31' title='bbox 103 703 119 753; x_wconf 76' lang='lat'>2</span> <span class='ocrx_word' id='word_1_32' title='bbox 141 691 278 754; x_wconf 89' lang='lat' dir='ltr'><strong>omnibus</strong></span> <span class='ocrx_word' id='word_1_33' title='bbox 299 692 390 752; x_wconf 90' lang='lat' dir='ltr'><strong>rebus</strong></span> <span class='ocrx_word' id='word_1_34' title='bbox 410 691 598 753; x_wconf 83' lang='lat' dir='ltr'><strong>instruxerat.</strong></span> <span class='ocrx_word' id='word_1_35' title='bbox 627 691 730 771; x_wconf 90' lang='lat' dir='ltr'><strong>ltaque</strong></span> <span class='ocrx_word' id='word_1_36' title='bbox 747 710 817 753; x_wconf 90' lang='lat' dir='ltr'><strong>suos</strong></span> <span class='ocrx_word' id='word_1_37' title='bbox 832 691 1018 765; x_wconf 84' lang='lat' dir='ltr'><strong>cohortatus,</strong></span> <span class='ocrx_word' id='word_1_38' title='bbox 1035 710 1112 771; x_wconf 89' lang='lat' dir='ltr'><strong>quos</strong></span> <span class='ocrx_word' id='word_1_39' title='bbox 1124 692 1200 753; x_wconf 87' lang='lat' dir='ltr'><strong>inte-</strong></span> 
     </span>
     <span class='ocr_line' id='line_1_6' title="bbox 138 776 1200 859; baseline 0.002 -22"><span class='ocrx_word' id='word_1_40' title='bbox 138 796 205 859; x_wconf 83' lang='lat' dir='ltr'><strong>gros</strong></span> <span class='ocrx_word' id='word_1_41' title='bbox 220 778 454 856; x_wconf 83' lang='lat' dir='ltr'><strong>superavissent,</strong></span> <span class='ocrx_word' id='word_1_42' title='bbox 471 784 503 838; x_wconf 92' lang='lat' dir='ltr'><strong>ut</strong></span> <span class='ocrx_word' id='word_1_43' title='bbox 525 778 616 838; x_wconf 88' lang='lat' dir='ltr'><strong>victos</strong></span> <span class='ocrx_word' id='word_1_44' title='bbox 637 784 880 849; x_wconf 87' lang='lat' dir='ltr'><strong>contemnerent,</strong></span> <span class='ocrx_word' id='word_1_45' title='bbox 896 778 1003 856; x_wconf 89' lang='lat' dir='ltr'><strong>plenus</strong></span> <span class='ocrx_word' id='word_1_46' title='bbox 1021 777 1087 857; x_wconf 88' lang='lat' dir='ltr'><strong>spei</strong></span> <span class='ocrx_word' id='word_1_47' title='bbox 1105 776 1200 839; x_wconf 86' lang='lat' dir='ltr'><strong>bonae</strong></span> 
     </span>
    </p>

    <p class='ocr_par' dir='ltr' id='par_1_5' title="bbox 103 861 1203 1284">
     <span class='ocr_line' id='line_1_7' title="bbox 103 861 1201 943; baseline 0.005 -22"><span class='ocrx_word' id='word_1_48' title='bbox 103 871 118 921; x_wconf 87' lang='lat'><strong>3</strong></span> <span class='ocrx_word' id='word_1_49' title='bbox 138 872 227 943; x_wconf 91' lang='lat' dir='ltr'><strong>atque</strong></span> <span class='ocrx_word' id='word_1_50' title='bbox 247 863 339 923; x_wconf 93' lang='lat' dir='ltr'><strong>animi</strong></span> <span class='ocrx_word' id='word_1_51' title='bbox 360 865 501 925; x_wconf 89' lang='lat' dir='ltr'><strong>adversus</strong></span> <span class='ocrx_word' id='word_1_52' title='bbox 523 883 573 923; x_wconf 92' lang='lat' dir='ltr'><strong>eos</strong></span> <span class='ocrx_word' id='word_1_53' title='bbox 596 863 800 942; x_wconf 90' lang='lat' dir='ltr'><strong>proficiscitur.</strong></span> <span class='ocrx_word' id='word_1_54' title='bbox 841 861 937 923; x_wconf 89' lang='lat' dir='ltr'><strong>Facile</strong></span> <span class='ocrx_word' id='word_1_55' title='bbox 960 871 1023 924; x_wconf 86' lang='lat' dir='ltr'><strong>erat</strong></span> <span class='ocrx_word' id='word_1_56' title='bbox 1043 882 1080 924; x_wconf 86' lang='lat' dir='ltr'><strong>ex</strong></span> <span class='ocrx_word' id='word_1_57' title='bbox 1101 862 1201 933; x_wconf 80' lang='lat' dir='ltr'><strong>castris</strong></span> 
     </span>
     <span class='ocr_line' id='line_1_8' title="bbox 140 948 1201 1029; baseline -0.002 -18"><span class='ocrx_word' id='word_1_58' title='bbox 140 950 170 1011; x_wconf 86' lang='lat' dir='ltr'><strong>C.</strong></span> <span class='ocrx_word' id='word_1_59' title='bbox 183 948 313 1010; x_wconf 85' lang='lat' dir='ltr'><strong>Treboni</strong></span> <span class='ocrx_word' id='word_1_60' title='bbox 325 958 414 1029; x_wconf 88' lang='lat' dir='ltr'><strong>atque</strong></span> <span class='ocrx_word' id='word_1_61' title='bbox 422 949 559 1010; x_wconf 90' lang='lat' dir='ltr'><strong>omnibus</strong></span> <span class='ocrx_word' id='word_1_62' title='bbox 572 948 773 1027; x_wconf 90' lang='lat' dir='ltr'><strong>superioribus</strong></span> <span class='ocrx_word' id='word_1_63' title='bbox 786 948 856 1009; x_wconf 94' lang='lat' dir='ltr'><strong>locis</strong></span> <span class='ocrx_word' id='word_1_64' title='bbox 865 949 1035 1028; x_wconf 87' lang='lat' dir='ltr'><strong>prospicere</strong></span> <span class='ocrx_word' id='word_1_65' title='bbox 1047 948 1080 1010; x_wconf 92' lang='lat' dir='ltr'><strong>in</strong></span> <span class='ocrx_word' id='word_1_66' title='bbox 1088 948 1201 1023; x_wconf 87' lang='lat' dir='ltr'><strong>urbem,</strong></span> 
     </span>
     <span class='ocr_line' id='line_1_9' title="bbox 138 1032 1203 1115; baseline -0.001 -17"><span class='ocrx_word' id='word_1_67' title='bbox 138 1034 429 1106; x_wconf 88' lang='lat' dir='ltr'><strong>utomnisinventus‚</strong></span> <span class='ocrx_word' id='word_1_68' title='bbox 443 1055 518 1114; x_wconf 90' lang='lat' dir='ltr'><strong>quae</strong></span> <span class='ocrx_word' id='word_1_69' title='bbox 530 1035 562 1094; x_wconf 90' lang='lat' dir='ltr'><strong>in</strong></span> <span class='ocrx_word' id='word_1_70' title='bbox 574 1034 680 1113; x_wconf 92' lang='lat' dir='ltr'><strong>oppido</strong></span> <span class='ocrx_word' id='word_1_71' title='bbox 688 1042 881 1107; x_wconf 90' lang='lat' dir='ltr'><strong>remanserat,</strong></span> <span class='ocrx_word' id='word_1_72' title='bbox 893 1052 1060 1115; x_wconf 88' lang='lat' dir='ltr'><strong>omnesque</strong></span> <span class='ocrx_word' id='word_1_73' title='bbox 1067 1032 1203 1114; x_wconf 64' lang='lat' dir='ltr'><strong>superio²</strong></span> 
     </span>
     <span class='ocr_line' id='line_1_10' title="bbox 138 1119 1200 1201; baseline 0.002 -20"><span class='ocrx_word' id='word_1_74' title='bbox 138 1121 179 1182; x_wconf 90' lang='lat' dir='ltr'><strong>ris</strong></span> <span class='ocrx_word' id='word_1_75' title='bbox 191 1120 295 1182; x_wconf 91' lang='lat' dir='ltr'><strong>aetatis</strong></span> <span class='ocrx_word' id='word_1_76' title='bbox 308 1140 375 1182; x_wconf 92' lang='lat' dir='ltr'><strong>cum</strong></span> <span class='ocrx_word' id='word_1_77' title='bbox 383 1121 480 1181; x_wconf 89' lang='lat' dir='ltr'><strong>liberis</strong></span> <span class='ocrx_word' id='word_1_78' title='bbox 492 1129 581 1201; x_wconf 88' lang='lat' dir='ltr'><strong>atque</strong></span> <span class='ocrx_word' id='word_1_79' title='bbox 594 1120 922 1182; x_wconf 80' lang='lat' dir='ltr'><strong>uxoribusautinmuro</strong></span> <span class='ocrx_word' id='word_1_80' title='bbox 931 1119 966 1180; x_wconf 88' lang='lat' dir='ltr'><strong>ad</strong></span> <span class='ocrx_word' id='word_1_81' title='bbox 974 1121 1088 1181; x_wconf 89' lang='lat' dir='ltr'><strong>caelum</strong></span> <span class='ocrx_word' id='word_1_82' title='bbox 1097 1138 1200 1183; x_wconf 80' lang='lat' dir='ltr'><strong>monus</strong></span> 
     </span>
     <span class='ocr_line' id='line_1_11' title="bbox 138 1205 1199 1284; baseline 0.001 -17"><span class='ocrx_word' id='word_1_83' title='bbox 138 1207 305 1279; x_wconf 86' lang='lat' dir='ltr'><strong>tenderent,</strong></span> <span class='ocrx_word' id='word_1_84' title='bbox 317 1215 368 1267; x_wconf 89' lang='lat' dir='ltr'><strong>aut</strong></span> <span class='ocrx_word' id='word_1_85' title='bbox 379 1207 489 1284; x_wconf 90' lang='lat' dir='ltr'><strong>templa</strong></span> <span class='ocrx_word' id='word_1_86' title='bbox 501 1208 622 1268; x_wconf 89' lang='lat' dir='ltr'><strong>deorum</strong></span> <span class='ocrx_word' id='word_1_87' title='bbox 637 1206 849 1267; x_wconf 87' lang='lat' dir='ltr'><strong>immortalium</strong></span> <span class='ocrx_word' id='word_1_88' title='bbox 861 1205 976 1267; x_wconf 90' lang='lat' dir='ltr'><strong>adirent</strong></span> <span class='ocrx_word' id='word_1_89' title='bbox 987 1212 1018 1267; x_wconf 84' lang='lat' dir='ltr'><strong>et</strong></span> <span class='ocrx_word' id='word_1_90' title='bbox 1029 1206 1199 1268; x_wconf 86' lang='lat' dir='ltr'><strong>autesimu-</strong></span> 
     </span>
    </p>

    <p class='ocr_par' dir='ltr' id='par_1_6' title="bbox 100 1291 1202 1458">
     <span class='ocr_line' id='line_1_12' title="bbox 100 1291 1201 1373; baseline 0.005 -26"><span class='ocrx_word' id='word_1_91' title='bbox 100 1298 117 1347; x_wconf 82' lang='grc'><strong>4</strong></span> <span class='ocrx_word' id='word_1_92' title='bbox 138 1294 214 1354; x_wconf 90' lang='lat' dir='ltr'><strong>lacra</strong></span> <span class='ocrx_word' id='word_1_93' title='bbox 225 1293 348 1372; x_wconf 90' lang='lat' dir='ltr'><strong>proiecti</strong></span> <span class='ocrx_word' id='word_1_94' title='bbox 359 1292 510 1353; x_wconf 88' lang='lat' dir='ltr'><strong>victoriam</strong></span> <span class='ocrx_word' id='word_1_95' title='bbox 522 1292 557 1352; x_wconf 87' lang='lat' dir='ltr'><strong>ab</strong></span> <span class='ocrx_word' id='word_1_96' title='bbox 570 1293 829 1371; x_wconf 84' lang='lat' dir='ltr'><strong>disexposcerent.</strong></span> <span class='ocrx_word' id='word_1_97' title='bbox 852 1291 956 1371; x_wconf 88' lang='lat' dir='ltr'><strong>Neque</strong></span> <span class='ocrx_word' id='word_1_98' title='bbox 968 1299 1031 1354; x_wconf 87' lang='lat' dir='ltr'><strong>crat</strong></span> <span class='ocrx_word' id='word_1_99' title='bbox 1042 1291 1201 1373; x_wconf 84' lang='lat' dir='ltr'><strong>quisquam</strong></span> 
     </span>
     <span class='ocr_line' id='line_1_13' title="bbox 139 1374 1202 1458; baseline 0 -20"><span class='ocrx_word' id='word_1_100' title='bbox 139 1374 283 1450; x_wconf 88' lang='lat' dir='ltr'><strong>omnium,</strong></span> <span class='ocrx_word' id='word_1_101' title='bbox 297 1379 369 1458; x_wconf 91' lang='lat' dir='ltr'><strong>quin</strong></span> <span class='ocrx_word' id='word_1_102' title='bbox 378 1377 624 1451; x_wconf 81' lang='lat' dir='ltr'><strong>ineiusrlieicasu</strong></span> <span class='ocrx_word' id='word_1_103' title='bbox 635 1396 758 1439; x_wconf 91' lang='lat' dir='ltr'><strong>suarum</strong></span> <span class='ocrx_word' id='word_1_104' title='bbox 771 1378 905 1438; x_wconf 91' lang='lat' dir='ltr'><strong>omnium</strong></span> <span class='ocrx_word' id='word_1_105' title='bbox 917 1377 1108 1438; x_wconf 89' lang='lat' dir='ltr'><strong>fortunarum</strong></span> <span class='ocrx_word' id='word_1_106' title='bbox 1115 1395 1202 1439; x_wconf 87' lang='lat' dir='ltr'><strong>eren·</strong></span> 
     </span>
    </p>

    <p class='ocr_par' dir='ltr' id='par_1_7' title="bbox 102 1463 1203 2229">
     <span class='ocr_line' id='line_1_14' title="bbox 102 1463 1202 1525; baseline 0.001 -1"><span class='ocrx_word' id='word_1_107' title='bbox 102 1469 116 1518; x_wconf 78' lang='grc'><strong>5</strong></span> <span class='ocrx_word' id='word_1_108' title='bbox 138 1473 203 1525; x_wconf 91' lang='lat' dir='ltr'><strong>tum</strong></span> <span class='ocrx_word' id='word_1_109' title='bbox 215 1465 377 1525; x_wconf 85' lang='lat' dir='ltr'><strong>consistere</strong></span> <span class='ocrx_word' id='word_1_110' title='bbox 389 1464 576 1525; x_wconf 85' lang='lat' dir='ltr'><strong>existimaret.</strong></span> <span class='ocrx_word' id='word_1_111' title='bbox 600 1464 626 1524; x_wconf 87' lang='lat' dir='ltr'>N</span> <span class='ocrx_word' id='word_1_112' title='bbox 629 1482 675 1524; x_wconf 88' lang='lat' dir='ltr'><strong>am</strong></span> <span class='ocrx_word' id='word_1_113' title='bbox 688 1472 717 1523; x_wconf 90' lang='lat' dir='ltr'><strong>et</strong></span> <span class='ocrx_word' id='word_1_114' title='bbox 729 1463 846 1523; x_wconf 89' lang='lat' dir='ltr'><strong>honesti</strong></span> <span class='ocrx_word' id='word_1_115' title='bbox 858 1463 1055 1524; x_wconf 80' lang='lat' dir='ltr'><strong>eriuventute</strong></span> <span class='ocrx_word' id='word_1_116' title='bbox 1068 1464 1202 1525; x_wconf 71' lang='grc'><strong>6166166-</strong></span> 
     </span>
     <span class='ocr_line' id='line_1_15' title="bbox 139 1548 1203 1629; baseline 0 -20"><span class='ocrx_word' id='word_1_117' title='bbox 139 1551 304 1629; x_wconf 90' lang='lat' dir='ltr'><strong>queaetatis</strong></span> <span class='ocrx_word' id='word_1_118' title='bbox 310 1549 485 1629; x_wconf 90' lang='lat' dir='ltr'><strong>amplissimi</strong></span> <span class='ocrx_word' id='word_1_119' title='bbox 497 1549 673 1610; x_wconf 87' lang='lat' dir='ltr'><strong>nominatim</strong></span> <span class='ocrx_word' id='word_1_120' title='bbox 685 1549 793 1610; x_wconf 92' lang='lat' dir='ltr'><strong>evocati</strong></span> <span class='ocrx_word' id='word_1_121' title='bbox 799 1548 1036 1628; x_wconf 80' lang='lat' dir='ltr'><strong>atqueolrsecrati</strong></span> <span class='ocrx_word' id='word_1_122' title='bbox 1043 1549 1203 1611; x_wconf 76' lang='grc'><strong>66616666-</strong></span> 
     </span>
     <span class='ocr_line' id='line_1_16' title="bbox 137 1634 1202 1715; baseline -0.003 -18"><span class='ocrx_word' id='word_1_123' title='bbox 137 1637 323 1709; x_wconf 87' lang='lat' dir='ltr'><strong>seenderant‚</strong></span> <span class='ocrx_word' id='word_1_124' title='bbox 340 1644 381 1708; x_wconf 91' lang='lat' dir='ltr'><strong>ut,</strong></span> <span class='ocrx_word' id='word_1_125' title='bbox 398 1636 423 1697; x_wconf 92' lang='lat' dir='ltr'><strong>si</strong></span> <span class='ocrx_word' id='word_1_126' title='bbox 440 1636 510 1715; x_wconf 91' lang='lat' dir='ltr'><strong>quid</strong></span> <span class='ocrx_word' id='word_1_127' title='bbox 526 1637 640 1696; x_wconf 89' lang='lat' dir='ltr'><strong>adversi</strong></span> <span class='ocrx_word' id='word_1_128' title='bbox 655 1635 827 1707; x_wconf 87' lang='lat' dir='ltr'><strong>accidisset,</strong></span> <span class='ocrx_word' id='word_1_129' title='bbox 844 1652 883 1695; x_wconf 94' lang='lat' dir='ltr'><strong>ne</strong></span> <span class='ocrx_word' id='word_1_130' title='bbox 898 1635 934 1695; x_wconf 95' lang='lat' dir='ltr'><strong>ad</strong></span> <span class='ocrx_word' id='word_1_131' title='bbox 950 1635 1122 1696; x_wconf 89' lang='lat' dir='ltr'><strong>conandum</strong></span> <span class='ocrx_word' id='word_1_132' title='bbox 1138 1634 1202 1715; x_wconf 92' lang='lat' dir='ltr'><strong>qui-</strong></span> 
     </span>
     <span class='ocr_line' id='line_1_17' title="bbox 138 1719 1202 1803; baseline -0.003 -20"><span class='ocrx_word' id='word_1_133' title='bbox 138 1723 206 1783; x_wconf 92' lang='lat' dir='ltr'><strong>dem</strong></span> <span class='ocrx_word' id='word_1_134' title='bbox 227 1721 283 1783; x_wconf 91' lang='lat' dir='ltr'><strong>sibi</strong></span> <span class='ocrx_word' id='word_1_135' title='bbox 304 1722 460 1803; x_wconf 92' lang='lat' dir='ltr'><strong>quicquam</strong></span> <span class='ocrx_word' id='word_1_136' title='bbox 482 1722 588 1800; x_wconf 88' lang='lat' dir='ltr'><strong>reliqui</strong></span> <span class='ocrx_word' id='word_1_137' title='bbox 609 1722 673 1781; x_wconf 90' lang='lat' dir='ltr'><strong>fore</strong></span> <span class='ocrx_word' id='word_1_138' title='bbox 690 1721 841 1793; x_wconf 83' lang='lat' dir='ltr'><strong>viderent3</strong></span> <span class='ocrx_word' id='word_1_139' title='bbox 864 1720 889 1780; x_wconf 93' lang='lat' dir='ltr'><strong>si</strong></span> <span class='ocrx_word' id='word_1_140' title='bbox 911 1719 1141 1799; x_wconf 85' lang='lat' dir='ltr'><strong>superavissent,</strong></span> <span class='ocrx_word' id='word_1_141' title='bbox 1158 1720 1202 1781; x_wconf 86' lang='lat' dir='ltr'><strong>rel</strong></span> 
     </span>
     <span class='ocr_line' id='line_1_18' title="bbox 137 1805 1199 1886; baseline -0.003 -18"><span class='ocrx_word' id='word_1_142' title='bbox 137 1808 306 1869; x_wconf 83' lang='lat' dir='ltr'><strong>domesticis</strong></span> <span class='ocrx_word' id='word_1_143' title='bbox 319 1808 424 1886; x_wconf 86' lang='lat' dir='ltr'><strong>opibus</strong></span> <span class='ocrx_word' id='word_1_144' title='bbox 436 1808 482 1867; x_wconf 87' lang='lat' dir='ltr'><strong>vel</strong></span> <span class='ocrx_word' id='word_1_145' title='bbox 493 1808 622 1867; x_wconf 88' lang='lat' dir='ltr'><strong>externis</strong></span> <span class='ocrx_word' id='word_1_146' title='bbox 636 1807 748 1867; x_wconf 84' lang='lat' dir='ltr'><strong>auxiliis</strong></span> <span class='ocrx_word' id='word_1_147' title='bbox 760 1807 796 1866; x_wconf 93' lang='lat' dir='ltr'><strong>de</strong></span> <span class='ocrx_word' id='word_1_148' title='bbox 809 1806 903 1867; x_wconf 89' lang='lat' dir='ltr'><strong>salute</strong></span> <span class='ocrx_word' id='word_1_149' title='bbox 917 1805 997 1867; x_wconf 88' lang='lat' dir='ltr'><strong>urbis</strong></span> <span class='ocrx_word' id='word_1_150' title='bbox 1007 1805 1199 1867; x_wconf 87' lang='lat' dir='ltr'><strong>confiderent</strong></span> 
     </span>
     <span class='ocr_line' id='line_1_19' title="bbox 222 1890 1201 1972; baseline -0.003 -18"><span class='ocrx_word' id='word_1_151' title='bbox 222 1893 250 1954; x_wconf 82' lang='lat'><strong>6.</strong></span> <span class='ocrx_word' id='word_1_152' title='bbox 282 1893 449 1954; x_wconf 84' lang='lat' dir='ltr'><strong>Commisso</strong></span> <span class='ocrx_word' id='word_1_153' title='bbox 465 1893 577 1972; x_wconf 91' lang='lat' dir='ltr'><strong>proelio</strong></span> <span class='ocrx_word' id='word_1_154' title='bbox 594 1891 824 1952; x_wconf 87' lang='lat' dir='ltr'><strong>Massiliensibus</strong></span> <span class='ocrx_word' id='word_1_155' title='bbox 840 1910 888 1952; x_wconf 92' lang='lat' dir='ltr'><strong>res</strong></span> <span class='ocrx_word' id='word_1_156' title='bbox 905 1892 985 1952; x_wconf 88' lang='lat' dir='ltr'><strong>nulla</strong></span> <span class='ocrx_word' id='word_1_157' title='bbox 1010 1891 1048 1952; x_wconf 83' lang='lat' dir='ltr'><strong>ad</strong></span> <span class='ocrx_word' id='word_1_158' title='bbox 1064 1890 1201 1953; x_wconf 85' lang='lat' dir='ltr'><strong>virtutem</strong></span> 
     </span>
     <span class='ocr_line' id='line_1_20' title="bbox 137 1976 1200 2058; baseline -0.002 -19"><span class='ocrx_word' id='word_1_159' title='bbox 137 1978 246 2050; x_wconf 83' lang='lat' dir='ltr'><strong>deluit3</strong></span> <span class='ocrx_word' id='word_1_160' title='bbox 267 1980 318 2039; x_wconf 92' lang='lat' dir='ltr'><strong>sed</strong></span> <span class='ocrx_word' id='word_1_161' title='bbox 342 1997 488 2039; x_wconf 87' lang='lat' dir='ltr'><strong>memores</strong></span> <span class='ocrx_word' id='word_1_162' title='bbox 506 1997 610 2039; x_wconf 90' lang='lat' dir='ltr'><strong>eorum</strong></span> <span class='ocrx_word' id='word_1_163' title='bbox 626 1985 870 2057; x_wconf 89' lang='lat' dir='ltr'><strong>praeceptorum,</strong></span> <span class='ocrx_word' id='word_1_164' title='bbox 887 1996 963 2058; x_wconf 89' lang='lat' dir='ltr'><strong>quae</strong></span> <span class='ocrx_word' id='word_1_165' title='bbox 978 1976 1067 2056; x_wconf 79' lang='lat' dir='ltr'><strong>patulo</strong></span> <span class='ocrx_word' id='word_1_166' title='bbox 1082 1984 1153 2039; x_wconf 91' lang='lat' dir='ltr'><strong>ante</strong></span> <span class='ocrx_word' id='word_1_167' title='bbox 1168 1976 1200 2037; x_wconf 86' lang='lat' dir='ltr'><strong>ab</strong></span> 
     </span>
     <span class='ocr_line' id='line_1_21' title="bbox 139 2062 1200 2142; baseline 0 -19"><span class='ocrx_word' id='word_1_168' title='bbox 139 2064 199 2124; x_wconf 89' lang='lat' dir='ltr'><strong>suis</strong></span> <span class='ocrx_word' id='word_1_169' title='bbox 214 2071 395 2142; x_wconf 86' lang='lat' dir='ltr'><strong>acceperant,</strong></span> <span class='ocrx_word' id='word_1_170' title='bbox 412 2065 469 2124; x_wconf 93' lang='lat' dir='ltr'><strong>hoc</strong></span> <span class='ocrx_word' id='word_1_171' title='bbox 484 2065 583 2126; x_wconf 89' lang='lat' dir='ltr'><strong>animo</strong></span> <span class='ocrx_word' id='word_1_172' title='bbox 600 2063 797 2135; x_wconf 87' lang='lat' dir='ltr'><strong>decertabant,</strong></span> <span class='ocrx_word' id='word_1_173' title='bbox 816 2072 848 2124; x_wconf 90' lang='lat' dir='ltr'><strong>ut</strong></span> <span class='ocrx_word' id='word_1_174' title='bbox 859 2064 974 2124; x_wconf 91' lang='lat' dir='ltr'><strong>nullum</strong></span> <span class='ocrx_word' id='word_1_175' title='bbox 990 2062 1070 2123; x_wconf 90' lang='lat' dir='ltr'><strong>aliud</strong></span> <span class='ocrx_word' id='word_1_176' title='bbox 1082 2070 1200 2142; x_wconf 85' lang='lat' dir='ltr'><strong>tempus</strong></span> 
     </span>
     <span class='ocr_line' id='line_1_22' title="bbox 137 2147 1202 2229; baseline 0 -20"><span class='ocrx_word' id='word_1_177' title='bbox 137 2149 173 2209; x_wconf 87' lang='lat' dir='ltr'><strong>ad</strong></span> <span class='ocrx_word' id='word_1_178' title='bbox 189 2150 357 2211; x_wconf 91' lang='lat' dir='ltr'><strong>conandum</strong></span> <span class='ocrx_word' id='word_1_179' title='bbox 373 2147 501 2210; x_wconf 90' lang='lat' dir='ltr'><strong>habituri</strong></span> <span class='ocrx_word' id='word_1_180' title='bbox 514 2150 693 2221; x_wconf 88' lang='lat' dir='ltr'><strong>viderentur,</strong></span> <span class='ocrx_word' id='word_1_181' title='bbox 711 2156 741 2209; x_wconf 89' lang='lat' dir='ltr'><strong>et</strong></span> <span class='ocrx_word' id='word_1_182' title='bbox 754 2148 861 2227; x_wconf 89' lang='lat' dir='ltr'><strong>quibus</strong></span> <span class='ocrx_word' id='word_1_183' title='bbox 876 2148 907 2208; x_wconf 91' lang='lat' dir='ltr'><strong>in</strong></span> <span class='ocrx_word' id='word_1_184' title='bbox 920 2165 1020 2227; x_wconf 83' lang='lat' dir='ltr'><strong>pugna</strong></span> <span class='ocrx_word' id='word_1_185' title='bbox 1032 2147 1111 2209; x_wconf 86' lang='lat' dir='ltr'><strong>vitae</strong></span> <span class='ocrx_word' id='word_1_186' title='bbox 1126 2147 1202 2229; x_wconf 88' lang='lat' dir='ltr'><strong>peri·</strong></span> 
     </span>
    </p>
   </div>
   <div class='ocr_carea' id='block_1_4' title="bbox 132 2333 643 3087">
    <p class='ocr_par' dir='ltr' id='par_1_8' title="bbox 132 2333 643 3087">
     <span class='ocr_line' id='line_1_23' title="bbox 172 2333 642 2406; baseline 0 -16"><span class='ocrx_word' id='word_1_187' title='bbox 172 2333 203 2391; x_wconf 86' lang='grc'><strong>5.</strong></span> <span class='ocrx_word' id='word_1_188' title='bbox 234 2340 255 2389; x_wconf 98' lang='grc'><strong>1.</strong></span> <span class='ocrx_word' id='word_1_189' title='bbox 276 2341 367 2406; x_wconf 75' lang='lat' dir='ltr'><strong>sactae</strong></span> <span class='ocrx_word' id='word_1_190' title='bbox 386 2344 460 2390; x_wconf 76' lang='lat' dir='ltr'><strong>erarii</strong></span> <span class='ocrx_word' id='word_1_191' title='bbox 480 2339 596 2390; x_wconf 84' lang='lat' dir='ltr'><strong>Arelate:</strong></span> <span class='ocrx_word' id='word_1_192' title='bbox 621 2342 642 2405; x_wconf 91' lang='lat'><strong>1,</strong></span> 
     </span>
     <span class='ocr_line' id='line_1_24' title="bbox 138 2408 643 2474; baseline -0.002 -14"><span class='ocrx_word' id='word_1_193' title='bbox 138 2410 180 2473; x_wconf 83' lang='lat'><strong>36,</strong></span> <span class='ocrx_word' id='word_1_194' title='bbox 193 2409 217 2459; x_wconf 85' lang='grc'><strong>4.</strong></span> <span class='ocrx_word' id='word_1_195' title='bbox 230 2436 262 2445; x_wconf 88' lang='lat'><strong>—-</strong></span> <span class='ocrx_word' id='word_1_196' title='bbox 278 2424 322 2474; x_wconf 82' lang='lat' dir='ltr'><strong>per</strong></span> <span class='ocrx_word' id='word_1_197' title='bbox 336 2409 481 2466; x_wconf 76' lang='lat' dir='ltr'><strong>Cursorem,</strong></span> <span class='ocrx_word' id='word_1_198' title='bbox 495 2409 545 2459; x_wconf 91' lang='lat' dir='ltr'><strong>wie</strong></span> <span class='ocrx_word' id='word_1_199' title='bbox 558 2408 583 2457; x_wconf 94' lang='lat' dir='ltr'><strong>in</strong></span> <span class='ocrx_word' id='word_1_200' title='bbox 598 2410 643 2459; x_wconf 84' lang='lat' dir='ltr'><strong>der</strong></span> 
     </span>
     <span class='ocr_line' id='line_1_25' title="bbox 137 2475 643 2542; baseline -0.004 -15"><span class='ocrx_word' id='word_1_201' title='bbox 137 2475 302 2542; x_wconf 76' lang='lat' dir='ltr'><strong>angelrihrten</strong></span> <span class='ocrx_word' id='word_1_202' title='bbox 335 2477 416 2529; x_wconf 91' lang='lat' dir='ltr'><strong>Stelle</strong></span> <span class='ocrx_word' id='word_1_203' title='bbox 450 2493 524 2527; x_wconf 83' lang='lat' dir='ltr'><strong>naues</strong></span> <span class='ocrx_word' id='word_1_204' title='bbox 554 2477 643 2542; x_wconf 73' lang='lat' dir='ltr'><strong>longos</strong></span> 
     </span>
     <span class='ocr_line' id='line_1_26' title="bbox 132 2544 642 2612; baseline -0.002 -17"><span class='ocrx_word' id='word_1_205' title='bbox 132 2548 252 2612; x_wconf 75' lang='lat' dir='ltr'><strong>fucere</strong></span> <span class='ocrx_word' id='word_1_206' title='bbox 263 2547 385 2596; x_wconf 85' lang='lat' dir='ltr'><strong>instituit:</strong></span> <span class='ocrx_word' id='word_1_207' title='bbox 404 2544 449 2596; x_wconf 81' lang='lat' dir='ltr'><strong>aul</strong></span> <span class='ocrx_word' id='word_1_208' title='bbox 459 2546 530 2596; x_wconf 84' lang='lat' dir='ltr'><strong>seins</strong></span> <span class='ocrx_word' id='word_1_209' title='bbox 543 2546 642 2596; x_wconf 88' lang='lat' dir='ltr'><strong>Verun-</strong></span> 
     </span>
     <span class='ocr_line' id='line_1_27' title="bbox 137 2613 639 2681; baseline -0.006 -16"><span class='ocrx_word' id='word_1_210' title='bbox 137 2615 255 2678; x_wconf 60' lang='lat' dir='ltr'><strong>lassum,</strong></span> <span class='ocrx_word' id='word_1_211' title='bbox 271 2630 334 2678; x_wconf 90' lang='lat' dir='ltr'><strong>quos</strong></span> <span class='ocrx_word' id='word_1_212' title='bbox 348 2613 486 2681; x_wconf 80' lang='lat' dir='ltr'><strong>faciendos</strong></span> <span class='ocrx_word' id='word_1_213' title='bbox 502 2619 639 2665; x_wconf 72' lang='lat' dir='ltr'><strong>marcuerat.</strong></span> 
     </span>
     <span class='ocr_line' id='line_1_28' title="bbox 138 2684 643 2750; baseline -0.008 -15"><span class='ocrx_word' id='word_1_214' title='bbox 138 2712 170 2720; x_wconf 85' lang='lat'><em>-</em></span> <span class='ocrx_word' id='word_1_215' title='bbox 187 2686 296 2750; x_wconf 83' lang='lat' dir='ltr'><strong>captiuae</strong></span> <span class='ocrx_word' id='word_1_216' title='bbox 313 2700 349 2733; x_wconf 85' lang='lat' dir='ltr'><strong>vr:</strong></span> <span class='ocrx_word' id='word_1_217' title='bbox 370 2686 397 2745; x_wconf 91' lang='grc'><strong>1,</strong></span> <span class='ocrx_word' id='word_1_218' title='bbox 412 2684 458 2747; x_wconf 81' lang='grc'><strong>56,</strong></span> <span class='ocrx_word' id='word_1_219' title='bbox 471 2685 494 2734; x_wconf 86' lang='grc'><strong>4.</strong></span> <span class='ocrx_word' id='word_1_220' title='bbox 527 2684 643 2750; x_wconf 79' lang='lat' dir='ltr'><strong>Captivos</strong></span> 
     </span>
     <span class='ocr_line' id='line_1_29' title="bbox 138 2751 641 2816; baseline -0.004 -14"><span class='ocrx_word' id='word_1_221' title='bbox 138 2754 202 2803; x_wconf 86' lang='lat' dir='ltr'><strong>auch</strong></span> <span class='ocrx_word' id='word_1_222' title='bbox 226 2768 274 2802; x_wconf 91' lang='lat' dir='ltr'><strong>vou</strong></span> <span class='ocrx_word' id='word_1_223' title='bbox 292 2752 389 2803; x_wconf 86' lang='lat' dir='ltr'><strong>Suchen</strong></span> <span class='ocrx_word' id='word_1_224' title='bbox 412 2754 565 2816; x_wconf 80' lang='lat' dir='ltr'><strong>gebraucht,</strong></span> <span class='ocrx_word' id='word_1_225' title='bbox 589 2751 641 2801; x_wconf 84' lang='lat' dir='ltr'><strong>wie</strong></span> 
     </span>
     <span class='ocr_line' id='line_1_30' title="bbox 137 2820 641 2886; baseline -0.004 -15"><span class='ocrx_word' id='word_1_226' title='bbox 137 2820 195 2871; x_wconf 89' lang='lat' dir='ltr'><strong>Liv.</strong></span> <span class='ocrx_word' id='word_1_227' title='bbox 211 2822 249 2884; x_wconf 88' lang='grc'><strong>16,</strong></span> <span class='ocrx_word' id='word_1_228' title='bbox 263 2822 286 2884; x_wconf 86' lang='grc'><strong>2,</strong></span> <span class='ocrx_word' id='word_1_229' title='bbox 304 2822 346 2871; x_wconf 68' lang='grc'><strong>126</strong></span> <span class='ocrx_word' id='word_1_230' title='bbox 365 2823 475 2886; x_wconf 52' lang='lat' dir='ltr'><strong>notre-to,</strong></span> <span class='ocrx_word' id='word_1_231' title='bbox 495 2822 519 2884; x_wconf 83' lang='grc'><strong>9,</strong></span> <span class='ocrx_word' id='word_1_232' title='bbox 538 2822 579 2884; x_wconf 88' lang='grc'><strong>46,</strong></span> <span class='ocrx_word' id='word_1_233' title='bbox 598 2822 641 2871; x_wconf 82' lang='lat'><strong>15:</strong></span> 
     </span>
     <span class='ocr_line' id='line_1_31' title="bbox 138 2886 642 2955; baseline -0.002 -18"><span class='ocrx_word' id='word_1_234' title='bbox 138 2886 225 2950; x_wconf 71' lang='lat' dir='ltr'><strong>arria,</strong></span> <span class='ocrx_word' id='word_1_235' title='bbox 241 2889 269 2952; x_wconf 92' lang='lat'><strong>1,</strong></span> <span class='ocrx_word' id='word_1_236' title='bbox 283 2890 324 2952; x_wconf 87' lang='lat'><strong>53,</strong></span> <span class='ocrx_word' id='word_1_237' title='bbox 337 2891 496 2955; x_wconf 82' lang='lat' dir='ltr'><strong>3:pecunia,</strong></span> <span class='ocrx_word' id='word_1_238' title='bbox 510 2890 539 2953; x_wconf 97' lang='grc'><strong>2,</strong></span> <span class='ocrx_word' id='word_1_239' title='bbox 553 2890 599 2951; x_wconf 82' lang='grc'><strong>48,</strong></span> <span class='ocrx_word' id='word_1_240' title='bbox 613 2888 642 2937; x_wconf 83' lang='lat'><strong>2:</strong></span> 
     </span>
     <span class='ocr_line' id='line_1_32' title="bbox 138 2945 642 3025; baseline -0.002 -19"><span class='ocrx_word' id='word_1_241' title='bbox 138 2960 247 3023; x_wconf 76' lang='lat' dir='ltr'><strong>captiuus</strong></span> <span class='ocrx_word' id='word_1_242' title='bbox 257 2972 328 3021; x_wconf 73' lang='lat' dir='ltr'><strong>ager.</strong></span> <span class='ocrx_word' id='word_1_243' title='bbox 353 2957 453 3008; x_wconf 85' lang='lat' dir='ltr'><strong>Ebenso</strong></span> <span class='ocrx_word' id='word_1_244' title='bbox 462 2958 530 3008; x_wconf 85' lang='lat' dir='ltr'><strong>wird</strong></span> <span class='ocrx_word' id='word_1_245' title='bbox 542 2945 642 3025; x_wconf 73' lang='grc' dir='ltr'><em>αἰχμά-</em></span> 
     </span>
     <span class='ocr_line' id='line_1_33' title="bbox 137 3024 423 3087; baseline 0 -13"><span class='ocrx_word' id='word_1_246' title='bbox 137 3024 219 3079; x_wconf 78' lang='grc' dir='ltr'><em>λωτος</em></span> <span class='ocrx_word' id='word_1_247' title='bbox 231 3025 378 3087; x_wconf 79' lang='lat' dir='ltr'><strong>gebraucht.</strong></span> <span class='ocrx_word' id='word_1_248' title='bbox 420 3046 423 3051; x_wconf 91' lang='lat'>·</span> 
     </span>
    </p>
   </div>
   <div class='ocr_carea' id='block_1_5' title="bbox 694 2337 1202 3084">
    <p class='ocr_par' dir='ltr' id='par_1_9' title="bbox 695 2337 1200 2469">
     <span class='ocr_line' id='line_1_34' title="bbox 695 2337 1200 2402; baseline -0.004 -13"><span class='ocrx_word' id='word_1_249' title='bbox 695 2339 887 2402; x_wconf 79' lang='lat' dir='ltr'><strong>Entscheiduog</strong></span> <span class='ocrx_word' id='word_1_250' title='bbox 923 2337 986 2389; x_wconf 84' lang='lat' dir='ltr'><strong>iiber</strong></span> <span class='ocrx_word' id='word_1_251' title='bbox 1023 2337 1080 2389; x_wconf 84' lang='lat' dir='ltr'><strong>sein</strong></span> <span class='ocrx_word' id='word_1_252' title='bbox 1111 2351 1200 2400; x_wconf 78' lang='lat' dir='ltr'><strong>ganzes</strong></span> 
     </span>
     <span class='ocr_line' id='line_1_35' title="bbox 696 2405 1066 2469; baseline -0.003 -11"><span class='ocrx_word' id='word_1_253' title='bbox 696 2406 837 2469; x_wconf 77' lang='lat' dir='ltr'><strong>Schiclrsal,</strong></span> <span class='ocrx_word' id='word_1_254' title='bbox 850 2406 921 2457; x_wconf 86' lang='lat' dir='ltr'><strong>selue</strong></span> <span class='ocrx_word' id='word_1_255' title='bbox 933 2405 1066 2457; x_wconf 79' lang='lat' dir='ltr'><strong>Existenz.</strong></span> 
     </span>
    </p>

    <p class='ocr_par' dir='ltr' id='par_1_10' title="bbox 694 2473 1202 3084">
     <span class='ocr_line' id='line_1_36' title="bbox 730 2473 1199 2537; baseline -0.006 -12"><span class='ocrx_word' id='word_1_256' title='bbox 730 2479 753 2525; x_wconf 89' lang='lat'><strong>5.</strong></span> <span class='ocrx_word' id='word_1_257' title='bbox 778 2477 875 2525; x_wconf 78' lang='lat' dir='ltr'><strong>honesti</strong></span> <span class='ocrx_word' id='word_1_258' title='bbox 893 2480 930 2525; x_wconf 78' lang='grc'><strong>’66</strong></span> <span class='ocrx_word' id='word_1_259' title='bbox 951 2476 1090 2537; x_wconf 74' lang='grc'><strong>16666616,</strong></span> <span class='ocrx_word' id='word_1_260' title='bbox 1110 2474 1162 2525; x_wconf 83' lang='lat' dir='ltr'><strong>wie</strong></span> <span class='ocrx_word' id='word_1_261' title='bbox 1179 2473 1199 2535; x_wconf 93' lang='grc'><strong>1,</strong></span> 
     </span>
     <span class='ocr_line' id='line_1_37' title="bbox 695 2542 1200 2607; baseline -0.006 -12"><span class='ocrx_word' id='word_1_262' title='bbox 695 2546 736 2607; x_wconf 88' lang='grc'><strong>53,</strong></span> <span class='ocrx_word' id='word_1_263' title='bbox 750 2545 776 2594; x_wconf 90' lang='lat'><strong>3:</strong></span> <span class='ocrx_word' id='word_1_264' title='bbox 789 2545 888 2594; x_wconf 78' lang='grc'><strong>6666611</strong></span> <span class='ocrx_word' id='word_1_265' title='bbox 898 2542 1080 2593; x_wconf 84' lang='lat' dir='ltr'><strong>adulescentes.</strong></span> <span class='ocrx_word' id='word_1_266' title='bbox 1095 2571 1130 2581; x_wconf 88' lang='lat'><em>-</em></span> <span class='ocrx_word' id='word_1_267' title='bbox 1148 2556 1200 2592; x_wconf 78' lang='lat' dir='ltr'><strong>ern·</strong></span> 
     </span>
     <span class='ocr_line' id='line_1_38' title="bbox 694 2610 1201 2680; baseline -0.008 -17"><span class='ocrx_word' id='word_1_268' title='bbox 694 2612 808 2680; x_wconf 73' lang='lat' dir='ltr'><strong>piissimi,</strong></span> <span class='ocrx_word' id='word_1_269' title='bbox 836 2611 878 2663; x_wconf 89' lang='lat' dir='ltr'><strong>die</strong></span> <span class='ocrx_word' id='word_1_270' title='bbox 906 2610 1128 2675; x_wconf 79' lang='lat' dir='ltr'><strong>Angesehensteu,</strong></span> <span class='ocrx_word' id='word_1_271' title='bbox 1156 2625 1201 2661; x_wconf 84' lang='lat' dir='ltr'><strong>von</strong></span> 
     </span>
     <span class='ocr_line' id='line_1_39' title="bbox 696 2679 1199 2743; baseline -0.002 -13"><span class='ocrx_word' id='word_1_272' title='bbox 696 2682 742 2732; x_wconf 89' lang='lat' dir='ltr'><strong>der</strong></span> <span class='ocrx_word' id='word_1_273' title='bbox 756 2680 875 2743; x_wconf 75' lang='lat' dir='ltr'><strong>Stellung</strong></span> <span class='ocrx_word' id='word_1_274' title='bbox 890 2680 923 2729; x_wconf 94' lang='lat' dir='ltr'><strong>im</strong></span> <span class='ocrx_word' id='word_1_275' title='bbox 940 2679 1036 2730; x_wconf 83' lang='lat' dir='ltr'><strong>Stnute.</strong></span> <span class='ocrx_word' id='word_1_276' title='bbox 1060 2706 1091 2714; x_wconf 89' lang='lat'>-</span> <span class='ocrx_word' id='word_1_277' title='bbox 1110 2694 1199 2729; x_wconf 74' lang='grc'><strong>66666·</strong></span> 
     </span>
     <span class='ocr_line' id='line_1_40' title="bbox 695 2745 1201 2811; baseline -0.008 -12"><span class='ocrx_word' id='word_1_278' title='bbox 695 2749 756 2799; x_wconf 85' lang='lat' dir='ltr'><strong>dum</strong></span> <span class='ocrx_word' id='word_1_279' title='bbox 773 2748 876 2799; x_wconf 87' lang='lat' dir='ltr'><strong>absolut</strong></span> <span class='ocrx_word' id='word_1_280' title='bbox 887 2747 937 2798; x_wconf 89' lang='lat' dir='ltr'><strong>wie</strong></span> <span class='ocrx_word' id='word_1_281' title='bbox 955 2764 976 2797; x_wconf 94' lang='lat' dir='ltr'><strong>c.</strong></span> <span class='ocrx_word' id='word_1_282' title='bbox 996 2747 1020 2809; x_wconf 90' lang='grc'><strong>6,</strong></span> <span class='ocrx_word' id='word_1_283' title='bbox 1035 2747 1119 2811; x_wconf 79' lang='lat'><strong>1330,</strong></span> <span class='ocrx_word' id='word_1_284' title='bbox 1135 2748 1163 2810; x_wconf 83' lang='lat' dir='ltr'><strong>l3</strong></span> <span class='ocrx_word' id='word_1_285' title='bbox 1183 2745 1201 2809; x_wconf 91' lang='lat' dir='ltr'><strong>l,</strong></span> 
     </span>
     <span class='ocr_line' id='line_1_41' title="bbox 696 2815 1201 2882; baseline -0.004 -14"><span class='ocrx_word' id='word_1_286' title='bbox 696 2819 738 2880; x_wconf 88' lang='grc'><strong>64,</strong></span> <span class='ocrx_word' id='word_1_287' title='bbox 748 2818 777 2867; x_wconf 79' lang='lat' dir='ltr'><strong>i:</strong></span> <span class='ocrx_word' id='word_1_288' title='bbox 788 2815 928 2866; x_wconf 77' lang='grc'><strong>6666661666</strong></span> <span class='ocrx_word' id='word_1_289' title='bbox 939 2817 1201 2882; x_wconf 51' lang='grc' dir='ltr'><strong>1666661666νί6-</strong></span> 
     </span>
     <span class='ocr_line' id='line_1_42' title="bbox 696 2883 1202 2947; baseline -0.006 -11"><span class='ocrx_word' id='word_1_290' title='bbox 696 2886 757 2936; x_wconf 82' lang='lat' dir='ltr'><strong>dum</strong></span> <span class='ocrx_word' id='word_1_291' title='bbox 780 2884 875 2935; x_wconf 83' lang='lat' dir='ltr'><strong>iudicet</strong></span> <span class='ocrx_word' id='word_1_292' title='bbox 898 2885 964 2935; x_wconf 87' lang='lat' dir='ltr'><strong>wird</strong></span> <span class='ocrx_word' id='word_1_293' title='bbox 995 2883 1037 2934; x_wconf 88' lang='lat' dir='ltr'><strong>die</strong></span> <span class='ocrx_word' id='word_1_294' title='bbox 1061 2883 1202 2947; x_wconf 68' lang='lat' dir='ltr'><strong>Bezielruug</strong></span> 
     </span>
     <span class='ocr_line' id='line_1_43' title="bbox 697 2952 1200 3017; baseline -0.008 -12"><span class='ocrx_word' id='word_1_295' title='bbox 697 2956 776 3005; x_wconf 90' lang='lat' dir='ltr'><strong>durch</strong></span> <span class='ocrx_word' id='word_1_296' title='bbox 788 2954 833 3004; x_wconf 88' lang='lat' dir='ltr'><strong>das</strong></span> <span class='ocrx_word' id='word_1_297' title='bbox 847 2952 1055 3017; x_wconf 80' lang='lat' dir='ltr'><strong>vorhergelrsnde</strong></span> <span class='ocrx_word' id='word_1_298' title='bbox 1067 2954 1119 3002; x_wconf 86' lang='lat' dir='ltr'><strong>etsi</strong></span> <span class='ocrx_word' id='word_1_299' title='bbox 1129 2954 1200 3002; x_wconf 73' lang='lat' dir='ltr'><strong>tirus·</strong></span> 
     </span>
     <span class='ocr_line' id='line_1_44' title="bbox 697 3021 982 3084; baseline -0.018 -11"><span class='ocrx_word' id='word_1_300' title='bbox 697 3025 739 3073; x_wconf 82' lang='lat' dir='ltr'><strong>iat</strong></span> <span class='ocrx_word' id='word_1_301' title='bbox 752 3023 848 3073; x_wconf 81' lang='lat' dir='ltr'><strong>obicere</strong></span> <span class='ocrx_word' id='word_1_302' title='bbox 861 3021 982 3084; x_wconf 75' lang='lat' dir='ltr'><strong>gegeben.</strong></span> 
     </span>
    </p>
   </div>
   <div class='ocr_carea' id='block_1_6' title="bbox 136 3090 650 4046">
    <p class='ocr_par' dir='ltr' id='par_1_11' title="bbox 136 3090 650 3893">
     <span class='ocr_line' id='line_1_45' title="bbox 173 3090 642 3155; baseline 0 -14"><span class='ocrx_word' id='word_1_303' title='bbox 173 3093 196 3141; x_wconf 86' lang='lat'><strong>3.</strong></span> <span class='ocrx_word' id='word_1_304' title='bbox 215 3093 333 3142; x_wconf 85' lang='lat' dir='ltr'><strong>ut=wie</strong></span> <span class='ocrx_word' id='word_1_305' title='bbox 346 3093 372 3142; x_wconf 88' lang='grc' dir='ltr'><strong>Β.</strong></span> <span class='ocrx_word' id='word_1_306' title='bbox 387 3092 417 3142; x_wconf 85' lang='lat' dir='ltr'><strong>G.</strong></span> <span class='ocrx_word' id='word_1_307' title='bbox 433 3093 455 3155; x_wconf 90' lang='lat' dir='ltr'><strong>l,</strong></span> <span class='ocrx_word' id='word_1_308' title='bbox 469 3093 510 3154; x_wconf 91' lang='grc'><strong>43,</strong></span> <span class='ocrx_word' id='word_1_309' title='bbox 530 3094 557 3141; x_wconf 82' lang='lat' dir='ltr'><strong>i:</strong></span> <span class='ocrx_word' id='word_1_310' title='bbox 574 3090 642 3141; x_wconf 73' lang='lat' dir='ltr'><strong>doce</strong></span> 
     </span>
     <span class='ocr_line' id='line_1_46' title="bbox 139 3160 644 3224; baseline 0 -15"><span class='ocrx_word' id='word_1_311' title='bbox 139 3161 204 3221; x_wconf 82' lang='lat' dir='ltr'><strong>bunt,</strong></span> <span class='ocrx_word' id='word_1_312' title='bbox 218 3187 235 3195; x_wconf 94' lang='lat'>-</span> <span class='ocrx_word' id='word_1_313' title='bbox 247 3163 277 3209; x_wconf 88' lang='lat' dir='ltr'><strong>ut</strong></span> <span class='ocrx_word' id='word_1_314' title='bbox 288 3163 438 3221; x_wconf 76' lang='grc'><strong>1666166661,·</strong></span> <span class='ocrx_word' id='word_1_315' title='bbox 459 3161 546 3210; x_wconf 85' lang='lat' dir='ltr'><strong>ebend.</strong></span> <span class='ocrx_word' id='word_1_316' title='bbox 560 3160 602 3224; x_wconf 92' lang='grc'><strong>46,</strong></span> <span class='ocrx_word' id='word_1_317' title='bbox 614 3161 644 3209; x_wconf 79' lang='lat' dir='ltr'><strong>t:</strong></span> 
     </span>
     <span class='ocr_line' id='line_1_47' title="bbox 136 3228 643 3295; baseline 0 -17"><span class='ocrx_word' id='word_1_318' title='bbox 136 3233 294 3295; x_wconf 77' lang='lat' dir='ltr'><strong>posteaquam</strong></span> <span class='ocrx_word' id='word_1_319' title='bbox 307 3228 399 3278; x_wconf 84' lang='lat' dir='ltr'><strong>elotum</strong></span> <span class='ocrx_word' id='word_1_320' title='bbox 411 3232 459 3290; x_wconf 89' lang='lat' dir='ltr'><strong>est,</strong></span> <span class='ocrx_word' id='word_1_321' title='bbox 475 3257 491 3264; x_wconf 97' lang='lat'><em>-</em></span> <span class='ocrx_word' id='word_1_322' title='bbox 503 3244 533 3278; x_wconf 91' lang='grc'><strong>66</strong></span> <span class='ocrx_word' id='word_1_323' title='bbox 543 3242 585 3278; x_wconf 89' lang='lat' dir='ltr'><strong>res</strong></span> <span class='ocrx_word' id='word_1_324' title='bbox 597 3228 643 3278; x_wconf 87' lang='lat' dir='ltr'><strong>col-</strong></span> 
     </span>
     <span class='ocr_line' id='line_1_48' title="bbox 139 3296 645 3363; baseline -0.002 -16"><span class='ocrx_word' id='word_1_325' title='bbox 139 3297 250 3360; x_wconf 82' lang='lat' dir='ltr'><strong>loquium</strong></span> <span class='ocrx_word' id='word_1_326' title='bbox 267 3301 294 3346; x_wconf 88' lang='lat' dir='ltr'><strong>ui</strong></span> <span class='ocrx_word' id='word_1_327' title='bbox 311 3296 459 3346; x_wconf 79' lang='lat' dir='ltr'><strong>diremisset.</strong></span> <span class='ocrx_word' id='word_1_328' title='bbox 479 3325 512 3332; x_wconf 94' lang='lat'>—</span> <span class='ocrx_word' id='word_1_329' title='bbox 532 3300 645 3363; x_wconf 80' lang='lat' dir='ltr'><strong>superior</strong></span> 
     </span>
     <span class='ocr_line' id='line_1_49' title="bbox 139 3364 646 3431; baseline -0.002 -15"><span class='ocrx_word' id='word_1_330' title='bbox 139 3370 224 3416; x_wconf 84' lang='lat' dir='ltr'><strong>aetus:</strong></span> <span class='ocrx_word' id='word_1_331' title='bbox 238 3365 282 3414; x_wconf 87' lang='lat' dir='ltr'><strong>das</strong></span> <span class='ocrx_word' id='word_1_332' title='bbox 294 3364 404 3416; x_wconf 68' lang='grc' dir='ltr'><strong>ι16616666</strong></span> <span class='ocrx_word' id='word_1_333' title='bbox 417 3365 501 3428; x_wconf 87' lang='lat' dir='ltr'><strong>Alter,</strong></span> <span class='ocrx_word' id='word_1_334' title='bbox 512 3368 646 3431; x_wconf 81' lang='lat' dir='ltr'><strong>provectior</strong></span> 
     </span>
     <span class='ocr_line' id='line_1_50' title="bbox 139 3433 644 3497; baseline -0.002 -12"><span class='ocrx_word' id='word_1_335' title='bbox 139 3439 221 3496; x_wconf 57' lang='lat' dir='ltr'><strong>aetum</strong></span> <span class='ocrx_word' id='word_1_336' title='bbox 234 3449 262 3483; x_wconf 91' lang='lat' dir='ltr'><strong>so</strong></span> <span class='ocrx_word' id='word_1_337' title='bbox 276 3433 374 3495; x_wconf 72' lang='lat' dir='ltr'><strong>seiten,</strong></span> <span class='ocrx_word' id='word_1_338' title='bbox 389 3435 470 3497; x_wconf 81' lang='lat' dir='ltr'><strong>vergi.</strong></span> <span class='ocrx_word' id='word_1_339' title='bbox 484 3434 569 3486; x_wconf 89' lang='lat' dir='ltr'><strong>Varro</strong></span> <span class='ocrx_word' id='word_1_340' title='bbox 583 3434 644 3484; x_wconf 89' lang='lat' dir='ltr'><strong>der.</strong></span> 
     </span>
     <span class='ocr_line' id='line_1_51' title="bbox 141 3502 645 3567; baseline -0.004 -15"><span class='ocrx_word' id='word_1_341' title='bbox 141 3519 161 3552; x_wconf 87' lang='lat' dir='ltr'><strong>r.</strong></span> <span class='ocrx_word' id='word_1_342' title='bbox 181 3504 205 3565; x_wconf 85' lang='grc'><strong>2,</strong></span> <span class='ocrx_word' id='word_1_343' title='bbox 230 3504 266 3565; x_wconf 90' lang='grc'><strong>16,</strong></span> <span class='ocrx_word' id='word_1_344' title='bbox 288 3502 577 3567; x_wconf 56' lang='lat' dir='ltr'><strong>susceceperunt,</strong></span> <span class='ocrx_word' id='word_1_345' title='bbox 598 3504 645 3552; x_wconf 90' lang='lat' dir='ltr'><strong>den</strong></span> 
     </span>
     <span class='ocr_line' id='line_1_52' title="bbox 138 3573 645 3638; baseline 0 -18"><span class='ocrx_word' id='word_1_346' title='bbox 138 3574 231 3638; x_wconf 83' lang='lat' dir='ltr'><strong>pueris·</strong></span> <span class='ocrx_word' id='word_1_347' title='bbox 242 3578 476 3635; x_wconf 77' lang='lat' dir='ltr'><strong>eutgegcngesetzt.</strong></span> <span class='ocrx_word' id='word_1_348' title='bbox 498 3599 531 3607; x_wconf 89' lang='lat'>—</span> <span class='ocrx_word' id='word_1_349' title='bbox 554 3576 599 3620; x_wconf 89' lang='lat' dir='ltr'><strong>out</strong></span> <span class='ocrx_word' id='word_1_350' title='bbox 618 3573 645 3620; x_wconf 85' lang='lat' dir='ltr'><strong>in</strong></span> 
     </span>
     <span class='ocr_line' id='line_1_53' title="bbox 140 3638 645 3702; baseline -0.004 -12"><span class='ocrx_word' id='word_1_351' title='bbox 140 3655 247 3690; x_wconf 89' lang='lat' dir='ltr'><strong>muro-</strong></span> <span class='ocrx_word' id='word_1_352' title='bbox 264 3639 391 3690; x_wconf 76' lang='grc'><strong>1666166661</strong></span> <span class='ocrx_word' id='word_1_353' title='bbox 408 3641 469 3702; x_wconf 74' lang='lat' dir='ltr'><strong>geht</strong></span> <span class='ocrx_word' id='word_1_354' title='bbox 485 3638 530 3689; x_wconf 86' lang='grc'><strong>661</strong></span> <span class='ocrx_word' id='word_1_355' title='bbox 545 3639 586 3690; x_wconf 83' lang='grc'><strong>116</strong></span> <span class='ocrx_word' id='word_1_356' title='bbox 605 3642 645 3689; x_wconf 88' lang='lat' dir='ltr'><strong>iu-</strong></span> 
     </span>
     <span class='ocr_line' id='line_1_54' title="bbox 140 3705 650 3774; baseline -0.002 -17"><span class='ocrx_word' id='word_1_357' title='bbox 140 3713 233 3770; x_wconf 84' lang='lat' dir='ltr'><strong>uentus,</strong></span> <span class='ocrx_word' id='word_1_358' title='bbox 247 3714 291 3758; x_wconf 85' lang='lat' dir='ltr'><strong>out</strong></span> <span class='ocrx_word' id='word_1_359' title='bbox 303 3708 394 3774; x_wconf 84' lang='lat' dir='ltr'><strong>templu</strong></span> <span class='ocrx_word' id='word_1_360' title='bbox 405 3736 421 3743; x_wconf 96' lang='lat'><em>-</em></span> <span class='ocrx_word' id='word_1_361' title='bbox 433 3713 594 3773; x_wconf 68' lang='lat' dir='ltr'><strong>exposcerem</strong></span> <span class='ocrx_word' id='word_1_362' title='bbox 604 3705 650 3758; x_wconf 88' lang='grc'><strong>661</strong></span> 
     </span>
     <span class='ocr_line' id='line_1_55' title="bbox 140 3776 643 3844; baseline -0.002 -18"><span class='ocrx_word' id='word_1_363' title='bbox 140 3792 225 3826; x_wconf 84' lang='lat' dir='ltr'><strong>ornnes</strong></span> <span class='ocrx_word' id='word_1_364' title='bbox 241 3780 376 3844; x_wconf 83' lang='lat' dir='ltr'><strong>superioris</strong></span> <span class='ocrx_word' id='word_1_365' title='bbox 387 3778 476 3826; x_wconf 84' lang='lat' dir='ltr'><strong>aetatis</strong></span> <span class='ocrx_word' id='word_1_366' title='bbox 492 3792 548 3826; x_wconf 57' lang='lat' dir='ltr'><strong>cum.</strong></span> <span class='ocrx_word' id='word_1_367' title='bbox 561 3776 599 3825; x_wconf 79' lang='lat' dir='ltr'><strong>lib.</strong></span> <span class='ocrx_word' id='word_1_368' title='bbox 614 3781 643 3825; x_wconf 86' lang='lat' dir='ltr'><strong>et.</strong></span> 
     </span>
     <span class='ocr_line' id='line_1_56' title="bbox 140 3860 186 3893; baseline -0.022 0"><span class='ocrx_word' id='word_1_369' title='bbox 140 3860 186 3893; x_wconf 83' lang='grc'><strong>66.</strong></span> 
     </span>
    </p>

    <p class='ocr_par' dir='ltr' id='par_1_12' title="bbox 141 3910 646 4046">
     <span class='ocr_line' id='line_1_57' title="bbox 176 3910 646 3975; baseline 0.002 -14"><span class='ocrx_word' id='word_1_370' title='bbox 176 3914 198 3962; x_wconf 87' lang='grc'><strong>4.</strong></span> <span class='ocrx_word' id='word_1_371' title='bbox 218 3929 293 3963; x_wconf 78' lang='lat' dir='ltr'><strong>castr:</strong></span> <span class='ocrx_word' id='word_1_372' title='bbox 313 3910 427 3975; x_wconf 79' lang='lat' dir='ltr'><strong>dusioll,</strong></span> <span class='ocrx_word' id='word_1_373' title='bbox 446 3912 593 3975; x_wconf 81' lang='lat' dir='ltr'><strong>Ergehniss.</strong></span> <span class='ocrx_word' id='word_1_374' title='bbox 613 3940 646 3948; x_wconf 90' lang='lat'>-</span> 
     </span>
     <span class='ocr_line' id='line_1_58' title="bbox 141 3981 645 4046; baseline 0 -15"><span class='ocrx_word' id='word_1_375' title='bbox 141 3983 254 4031; x_wconf 87' lang='lat' dir='ltr'><strong>omnium</strong></span> <span class='ocrx_word' id='word_1_376' title='bbox 264 3982 435 4046; x_wconf 69' lang='lat' dir='ltr'><strong>periuriorum</strong></span> <span class='ocrx_word' id='word_1_377' title='bbox 451 3986 578 4032; x_wconf 81' lang='lat' dir='ltr'><strong>eventurn:</strong></span> <span class='ocrx_word' id='word_1_378' title='bbox 603 3981 645 4031; x_wconf 86' lang='lat' dir='ltr'><strong>die</strong></span> 
     </span>
    </p>
   </div>
   <div class='ocr_carea' id='block_1_7' title="bbox 698 3082 1205 4045">
    <p class='ocr_par' dir='ltr' id='par_1_13' title="bbox 698 3082 1205 4045">
     <span class='ocr_line' id='line_1_59' title="bbox 732 3082 1201 3154; baseline -0.015 -12"><span class='ocrx_word' id='word_1_379' title='bbox 732 3082 763 3142; x_wconf 81' lang='grc'><strong>6.</strong></span> <span class='ocrx_word' id='word_1_380' title='bbox 793 3091 814 3139; x_wconf 94' lang='lat' dir='ltr'><strong>l.</strong></span> <span class='ocrx_word' id='word_1_381' title='bbox 849 3089 985 3141; x_wconf 80' lang='lat' dir='ltr'><strong>Corumisso</strong></span> <span class='ocrx_word' id='word_1_382' title='bbox 1004 3088 1102 3154; x_wconf 78' lang='lat' dir='ltr'><strong>proelio</strong></span> <span class='ocrx_word' id='word_1_383' title='bbox 1123 3088 1201 3139; x_wconf 83' lang='lat' dir='ltr'><strong>nieht:</strong></span> 
     </span>
     <span class='ocr_line' id='line_1_60' title="bbox 698 3155 1202 3222; baseline -0.012 -11"><span class='ocrx_word' id='word_1_384' title='bbox 698 3161 737 3211; x_wconf 83' lang='lat' dir='ltr'><strong>als</strong></span> <span class='ocrx_word' id='word_1_385' title='bbox 750 3159 791 3210; x_wconf 90' lang='lat' dir='ltr'><strong>die</strong></span> <span class='ocrx_word' id='word_1_386' title='bbox 805 3158 925 3208; x_wconf 82' lang='lat' dir='ltr'><strong>Schlaclrt</strong></span> <span class='ocrx_word' id='word_1_387' title='bbox 936 3155 1059 3222; x_wconf 78' lang='lat' dir='ltr'><strong>gelielert</strong></span> <span class='ocrx_word' id='word_1_388' title='bbox 1072 3171 1137 3221; x_wconf 79' lang='lat' dir='ltr'><strong>wer,</strong></span> <span class='ocrx_word' id='word_1_389' title='bbox 1148 3171 1202 3207; x_wconf 88' lang='lat' dir='ltr'><strong>sou·</strong></span> 
     </span>
     <span class='ocr_line' id='line_1_61' title="bbox 699 3224 1202 3288; baseline -0.012 -9"><span class='ocrx_word' id='word_1_390' title='bbox 699 3230 774 3279; x_wconf 86' lang='lat' dir='ltr'><strong>dero:</strong></span> <span class='ocrx_word' id='word_1_391' title='bbox 799 3228 838 3277; x_wconf 85' lang='lat' dir='ltr'><strong>uls</strong></span> <span class='ocrx_word' id='word_1_392' title='bbox 862 3227 904 3276; x_wconf 90' lang='lat' dir='ltr'><strong>die</strong></span> <span class='ocrx_word' id='word_1_393' title='bbox 928 3224 1049 3276; x_wconf 82' lang='lat' dir='ltr'><strong>Schluclrt</strong></span> <span class='ocrx_word' id='word_1_394' title='bbox 1072 3224 1202 3288; x_wconf 74' lang='lat' dir='ltr'><strong>begonnttn</strong></span> 
     </span>
     <span class='ocr_line' id='line_1_62' title="bbox 698 3290 1201 3359; baseline -0.006 -13"><span class='ocrx_word' id='word_1_395' title='bbox 698 3312 767 3359; x_wconf 89' lang='lat' dir='ltr'><strong>war,</strong></span> <span class='ocrx_word' id='word_1_396' title='bbox 781 3295 830 3346; x_wconf 88' lang='lat' dir='ltr'><strong>wie</strong></span> <span class='ocrx_word' id='word_1_397' title='bbox 847 3296 868 3358; x_wconf 90' lang='lat'><strong>1,</strong></span> <span class='ocrx_word' id='word_1_398' title='bbox 881 3295 950 3357; x_wconf 74' lang='lat' dir='ltr'><strong>tut</strong></span> <span class='ocrx_word' id='word_1_399' title='bbox 969 3293 1019 3343; x_wconf 90' lang='lat' dir='ltr'><strong>und</strong></span> <span class='ocrx_word' id='word_1_400' title='bbox 1037 3293 1064 3341; x_wconf 89' lang='lat' dir='ltr'><strong>B.</strong></span> <span class='ocrx_word' id='word_1_401' title='bbox 1080 3290 1110 3343; x_wconf 83' lang='lat' dir='ltr'><strong>G.</strong></span> <span class='ocrx_word' id='word_1_402' title='bbox 1123 3294 1149 3357; x_wconf 82' lang='lat'><strong>4,</strong></span> <span class='ocrx_word' id='word_1_403' title='bbox 1162 3292 1201 3355; x_wconf 83' lang='lat'><strong>35,</strong></span> 
     </span>
     <span class='ocr_line' id='line_1_63' title="bbox 699 3359 1203 3429; baseline -0.008 -15"><span class='ocrx_word' id='word_1_404' title='bbox 699 3366 727 3415; x_wconf 83' lang='lat'><strong>2:</strong></span> <span class='ocrx_word' id='word_1_405' title='bbox 746 3366 877 3414; x_wconf 72' lang='lat' dir='ltr'><strong>coturnisso</strong></span> <span class='ocrx_word' id='word_1_406' title='bbox 888 3361 981 3429; x_wconf 86' lang='lat' dir='ltr'><strong>proelio</strong></span> <span class='ocrx_word' id='word_1_407' title='bbox 995 3359 1094 3411; x_wconf 74' lang='lat' dir='ltr'><strong>diutim</strong></span> <span class='ocrx_word' id='word_1_408' title='bbox 1105 3364 1203 3411; x_wconf 81' lang='lat' dir='ltr'><strong>nestro-</strong></span> 
     </span>
     <span class='ocr_line' id='line_1_64' title="bbox 700 3430 1205 3496; baseline -0.006 -13"><span class='ocrx_word' id='word_1_409' title='bbox 700 3450 757 3484; x_wconf 86' lang='lat' dir='ltr'><strong>rurn</strong></span> <span class='ocrx_word' id='word_1_410' title='bbox 773 3432 884 3482; x_wconf 84' lang='lat' dir='ltr'><strong>rnilitum</strong></span> <span class='ocrx_word' id='word_1_411' title='bbox 901 3434 1022 3496; x_wconf 84' lang='lat' dir='ltr'><strong>impeturn</strong></span> <span class='ocrx_word' id='word_1_412' title='bbox 1034 3430 1205 3496; x_wconf 69' lang='lat' dir='ltr'><strong>tortassem</strong></span> 
     </span>
     <span class='ocr_line' id='line_1_65' title="bbox 698 3496 1204 3566; baseline -0.006 -14"><span class='ocrx_word' id='word_1_413' title='bbox 698 3517 747 3552; x_wconf 89' lang='grc'><strong>666</strong></span> <span class='ocrx_word' id='word_1_414' title='bbox 759 3504 905 3566; x_wconf 84' lang='lat' dir='ltr'><strong>potuerunt.</strong></span> <span class='ocrx_word' id='word_1_415' title='bbox 934 3499 1021 3561; x_wconf 74' lang='lat' dir='ltr'><strong>Vergl.</strong></span> <span class='ocrx_word' id='word_1_416' title='bbox 1034 3496 1094 3547; x_wconf 92' lang='lat' dir='ltr'><strong>Liv.</strong></span> <span class='ocrx_word' id='word_1_417' title='bbox 1105 3499 1147 3563; x_wconf 85' lang='lat'><strong>31,</strong></span> <span class='ocrx_word' id='word_1_418' title='bbox 1163 3498 1204 3561; x_wconf 87' lang='grc'><strong>28,</strong></span> 
     </span>
     <span class='ocr_line' id='line_1_66' title="bbox 703 3564 1205 3634; baseline -0.006 -15"><span class='ocrx_word' id='word_1_419' title='bbox 703 3572 730 3620; x_wconf 88' lang='lat' dir='ltr'><strong>l:</strong></span> <span class='ocrx_word' id='word_1_420' title='bbox 748 3571 796 3619; x_wconf 78' lang='lat' dir='ltr'><strong>leuc</strong></span> <span class='ocrx_word' id='word_1_421' title='bbox 812 3571 877 3619; x_wconf 85' lang='lat' dir='ltr'><strong>setis</strong></span> <span class='ocrx_word' id='word_1_422' title='bbox 882 3567 961 3634; x_wconf 78' lang='lat' dir='ltr'><strong>felici</strong></span> <span class='ocrx_word' id='word_1_423' title='bbox 974 3565 1136 3633; x_wconf 73' lang='lat' dir='ltr'><strong>erpeduiom</strong></span> <span class='ocrx_word' id='word_1_424' title='bbox 1148 3564 1205 3617; x_wconf 78' lang='grc'><strong>16116</strong></span> 
     </span>
     <span class='ocr_line' id='line_1_67' title="bbox 699 3633 1203 3699; baseline -0.008 -10"><span class='ocrx_word' id='word_1_425' title='bbox 699 3641 832 3689; x_wconf 79' lang='lat' dir='ltr'><strong>coturnisso</strong></span> <span class='ocrx_word' id='word_1_426' title='bbox 844 3638 894 3686; x_wconf 90' lang='lat' dir='ltr'><strong>und</strong></span> <span class='ocrx_word' id='word_1_427' title='bbox 906 3636 948 3697; x_wconf 82' lang='lat'><strong>23,</strong></span> <span class='ocrx_word' id='word_1_428' title='bbox 962 3636 1003 3699; x_wconf 79' lang='lat' dir='ltr'><strong>rt,</strong></span> <span class='ocrx_word' id='word_1_429' title='bbox 1016 3635 1031 3685; x_wconf 90' lang='grc'>8</span> <span class='ocrx_word' id='word_1_430' title='bbox 1044 3652 1051 3683; x_wconf 76' lang='lat' dir='ltr'><strong>t</strong></span> <span class='ocrx_word' id='word_1_431' title='bbox 1063 3633 1160 3685; x_wconf 79' lang='lat' dir='ltr'><strong>elamor</strong></span> <span class='ocrx_word' id='word_1_432' title='bbox 1170 3650 1203 3685; x_wconf 74' lang='grc'><strong>66·</strong></span> 
     </span>
     <span class='ocr_line' id='line_1_68' title="bbox 698 3703 1205 3772; baseline -0.008 -16"><span class='ocrx_word' id='word_1_433' title='bbox 698 3711 808 3771; x_wconf 84' lang='lat' dir='ltr'><strong>utraque</strong></span> <span class='ocrx_word' id='word_1_434' title='bbox 819 3708 892 3772; x_wconf 86' lang='lat' dir='ltr'><strong>purte</strong></span> <span class='ocrx_word' id='word_1_435' title='bbox 904 3703 1018 3754; x_wconf 71' lang='lat' dir='ltr'><strong>subustus</strong></span> <span class='ocrx_word' id='word_1_436' title='bbox 1026 3707 1162 3770; x_wconf 73' lang='grc'><strong>66666666</strong></span> <span class='ocrx_word' id='word_1_437' title='bbox 1171 3717 1205 3753; x_wconf 77' lang='grc'><strong>66</strong></span> 
     </span>
     <span class='ocr_line' id='line_1_69' title="bbox 700 3773 1203 3839; baseline -0.008 -14"><span class='ocrx_word' id='word_1_438' title='bbox 700 3775 844 3825; x_wconf 76' lang='lat' dir='ltr'><strong>cohortibus</strong></span> <span class='ocrx_word' id='word_1_439' title='bbox 855 3776 900 3834; x_wconf 84' lang='lat' dir='ltr'><strong>iis,</strong></span> <span class='ocrx_word' id='word_1_440' title='bbox 914 3788 977 3838; x_wconf 85' lang='lat' dir='ltr'><strong>quae</strong></span> <span class='ocrx_word' id='word_1_441' title='bbox 994 3773 1021 3820; x_wconf 84' lang='lat' dir='ltr'><strong>in</strong></span> <span class='ocrx_word' id='word_1_442' title='bbox 1036 3786 1118 3837; x_wconf 79' lang='lat' dir='ltr'><strong>egros</strong></span> <span class='ocrx_word' id='word_1_443' title='bbox 1131 3787 1203 3839; x_wconf 80' lang='lat' dir='ltr'><strong>prae·</strong></span> 
     </span>
     <span class='ocr_line' id='line_1_70' title="bbox 700 3838 1205 3906; baseline -0.008 -14"><span class='ocrx_word' id='word_1_444' title='bbox 700 3843 789 3892; x_wconf 86' lang='lat' dir='ltr'><strong>clatum</strong></span> <span class='ocrx_word' id='word_1_445' title='bbox 806 3845 939 3904; x_wconf 69' lang='lat' dir='ltr'><strong>coierunt,</strong></span> <span class='ocrx_word' id='word_1_446' title='bbox 960 3838 995 3889; x_wconf 83' lang='lat' dir='ltr'><strong>ad</strong></span> <span class='ocrx_word' id='word_1_447' title='bbox 1011 3839 1139 3906; x_wconf 85' lang='lat' dir='ltr'><strong>proelium</strong></span> <span class='ocrx_word' id='word_1_448' title='bbox 1153 3842 1205 3889; x_wconf 82' lang='lat' dir='ltr'><strong>iarn</strong></span> 
     </span>
     <span class='ocr_line' id='line_1_71' title="bbox 700 3911 1203 3976; baseline -0.006 -16"><span class='ocrx_word' id='word_1_449' title='bbox 700 3913 862 3961; x_wconf 86' lang='lat' dir='ltr'><strong>eornrnissuru</strong></span> <span class='ocrx_word' id='word_1_450' title='bbox 873 3911 1004 3960; x_wconf 84' lang='lat' dir='ltr'><strong>reuocauit.</strong></span> <span class='ocrx_word' id='word_1_451' title='bbox 1017 3936 1051 3945; x_wconf 91' lang='lat'><em>-</em></span> <span class='ocrx_word' id='word_1_452' title='bbox 1059 3912 1203 3976; x_wconf 81' lang='lat' dir='ltr'><strong>praecepto·</strong></span> 
     </span>
     <span class='ocr_line' id='line_1_72' title="bbox 700 3977 1130 4045; baseline -0.002 -16"><span class='ocrx_word' id='word_1_453' title='bbox 700 3995 766 4044; x_wconf 84' lang='lat' dir='ltr'><strong>rum,</strong></span> <span class='ocrx_word' id='word_1_454' title='bbox 781 3995 844 4045; x_wconf 88' lang='lat' dir='ltr'><strong>quoe</strong></span> <span class='ocrx_word' id='word_1_455' title='bbox 856 3980 1020 4045; x_wconf 80' lang='lat' dir='ltr'><strong>acceperuut:</strong></span> <span class='ocrx_word' id='word_1_456' title='bbox 1033 3992 1056 4027; x_wconf 92' lang='lat' dir='ltr'><strong>c.</strong></span> <span class='ocrx_word' id='word_1_457' title='bbox 1068 3977 1093 4043; x_wconf 84' lang='lat'><strong>4,</strong></span> <span class='ocrx_word' id='word_1_458' title='bbox 1107 3977 1130 4028; x_wconf 89' lang='grc'><strong>3.</strong></span> 
     </span>
    </p>
   </div>
   <div class='ocr_carea' id='block_1_8' title="bbox 0 0 1295 4424">
    <p class='ocr_par' dir='ltr' id='par_1_14' title="bbox 0 0 1295 4424">
     <span class='ocr_line' id='line_1_73' title="bbox 0 0 1295 4424; baseline 0 0"><span class='ocrx_word' id='word_1_459' title='bbox 0 0 1295 4424; x_wconf 95' lang='lat' dir='ltr'><strong> </strong></span> 
     </span>
    </p>
   </div>
  </div>
 </body>
</html>
