2572 4424
527 300 715 354 nnuma
1083 301 1145 364 267

80 457 230 520 domicilia
241 456 453 536 Aegyptiorum
466 464 497 518 et
511 456 592 517 vicus
607 457 708 535 oppidi
720 457 939 535 maguitudine3
954 475 1091 536 quaeque
1104 457 1146 518 ibi

80 561 211 622 cumque
226 559 317 604 naves
329 541 529 621 imprudentia
540 549 592 603 aut
602 548 779 623 tempestate
789 543 911 621 paulum
924 561 978 604 suo
990 559 1082 604 cursu
1093 544 1146 603 dc-

80 635 248 700 ccsserunt,
263 629 317 693 bes
332 645 416 689 more
430 628 613 707 praedonum
630 627 757 707 diripere
771 634 977 698 consuerunt„
991 629 1031 689 lis
1045 636 1145 689 autem
1167 644 1183 693 4

81 715 194 786 inritis,
209 732 225 777 a
241 713 350 793 quibus
366 712 481 776 Pharus
495 719 625 785 tenetur,
646 729 707 774 non
723 721 822 792 potest
835 732 903 774 csse
916 723 1039 792 propter
1053 731 1148 792 engu-

82 800 155 860 stias
170 799 295 865 navibus
309 797 452 859 introitus
466 799 499 859 in
514 806 644 877 portum.
674 798 739 860 lloe
756 806 823 858 tum
844 798 955 860 veritus
971 798 1077 859 Caesar
1091 800 1148 859 bo·
1169 817 1184 866 5

82 885 179 947 stibus
200 885 231 944 in
252 902 349 963 pugna
370 884 520 963 occupatis
542 883 683 944 militibus
705 883 846 962 expositis
868 884 997 946 Pharum
1018 886 1149 964 preben-

83 970 231 1049 ditatque
246 969 288 1030 ibi
303 969 480 1049 praesidium
500 969 608 1048 posuit.
640 969 754 1042 Quibus
770 978 816 1030 est
837 969 929 1031 rebus
943 971 1094 1043 ellectum,
1116 975 1150 1031 ut
1171 991 1186 1041 q

83 1063 149 1119 tuto
164 1056 352 1118 frumentum
368 1054 533 1134 auxiliaque
548 1053 672 1115 navibus
693 1056 729 1116 ad
746 1073 815 1115 eum
831 1056 998 1135 supportari
1014 1063 1148 1136 possent„

83 1141 203 1202 Dimisit
217 1141 298 1202 enim
319 1138 432 1200 circum
453 1158 558 1200 omnes
578 1140 759 1220 propinquas
778 1140 947 1220 provincias
970 1149 1058 1222 atque
1079 1142 1150 1202 inde

83 1225 190 1288 auxilia
206 1225 347 1287 evocavit.
378 1224 511 1305 Reliquis
528 1225 627 1305 oppidi
642 1226 774 1304 partibus
795 1226 837 1286 sic
858 1232 902 1287 est
923 1235 1095 1306 pugnatum,
1116 1234 1151 1288 ut
1172 1241 1186 1290 7

84 1331 180 1391 aequo
196 1311 310 1392 proelio
331 1309 533 1372 discederetur
552 1318 582 1372 et
602 1312 699 1373 neutri
719 1313 900 1391 pellerentur
921 1312 962 1388 (id
983 1312 1152 1373 efficiebant

83 1396 240 1476 angustiae
254 1396 334 1473 loci),
350 1397 511 1475 penusque
526 1395 677 1475 utrimque
688 1397 854 1458 interfectis
867 1398 974 1458 Caesar
984 1399 1047 1459 loca
1059 1398 1152 1460 maxi-

83 1502 133 1544 me
143 1479 312 1551 necessaria
324 1481 495 1560 complexus
507 1489 600 1541 noctu
616 1483 792 1561 praemunit.
819 1483 853 1542 ln
870 1484 928 1547 boo
938 1490 1036 1546 tractu
1052 1484 1152 1564 oppidi
1173 1501 1189 1550 8
1245 1503 1252 1510 “

84 1586 153 1652 pars
169 1575 233 1631 erat
246 1566 345 1647 regiae
361 1566 473 1646 exigua,
489 1566 520 1627 in
536 1584 625 1646 quam
641 1567 705 1646 ipse
719 1567 870 1628 habitandi
887 1586 975 1628 causa
990 1569 1076 1631 initio
1092 1567 1154 1631 erat

84 1653 245 1727 inductus,
268 1660 299 1714 et
318 1654 468 1714 theatrum
490 1650 682 1713 coniunctum
704 1653 815 1726 domui,
838 1653 917 1732 quod
938 1653 1012 1714 areis
1032 1654 1154 1716 tenebat

84 1741 185 1803 locum
201 1737 360 1818 aditusque
375 1738 501 1800 habebat
514 1738 550 1798 ad
566 1746 686 1816 portum
703 1745 732 1799 et
753 1740 787 1800 ad
809 1738 921 1817 reliqua
942 1739 1062 1800 navalia.
1093 1739 1153 1800 llas

85 1823 271 1886 munitiones
291 1824 520 1902 insequentibus
540 1823 622 1884 auxit
643 1823 759 1896 diebus,
785 1831 821 1884 ut
840 1842 894 1903 pro
915 1842 1001 1884 muro
1023 1824 1153 1886 obiectas

85 1910 211 1972 haberet
222 1928 283 1972 neu
295 1908 435 1971 dimicare
448 1908 558 1970 invitus
570 1916 733 1988 cogeretur.
749 1909 871 1970 Interim
880 1910 936 1970 tilia
949 1909 1049 1972 minor
1055 1910 1155 1972 Ptole-
1175 1927 1191 1978 o

86 1995 165 2059 maci
180 1995 258 2075 regis
273 2013 394 2056 vacuam
410 1994 631 2074 possessionem
647 1996 729 2074 regni
745 2013 868 2075 sperans
884 1996 920 2056 ad
931 1995 1074 2058 Achillam
1089 2015 1155 2059 sese

87 2101 124 2144 ex
135 2082 217 2160 regia
231 2080 348 2142 traiecit
358 2098 478 2159 unaque
488 2080 596 2141 bellum
610 2080 817 2142 administrare
828 2081 934 2161 coepit.
951 2081 1010 2142 Sed
1019 2082 1155 2143 celeriter
1178 2102 1209 2152 lo

87 2176 134 2230 est
154 2167 235 2228 inter
256 2184 308 2226 eos
329 2166 366 2226 de
387 2165 555 2246 principatu
581 2166 781 2228 controversia
802 2173 880 2240 orte3
907 2185 983 2247 quae
1008 2185 1056 2228 res
1076 2169 1154 2248 apud

87 2253 199 2316 milites
210 2250 382 2332 largitiones
393 2251 484 2326 aurit,
501 2251 614 2332 magnis
627 2252 707 2314 eninr
715 2251 836 2314 iacturis
849 2252 1038 2333 sibiquisque
1050 2271 1153 2314 eorum

122 2411 146 2460 3.
179 2421 291 2472 quaeque
309 2406 348 2456 ide·
366 2422 477 2472 eumque.
513 2406 596 2459 Ueber
649 2407 767 2458 Arsinoe.
794 2406 837 2457 Sie
852 2407 969 2459 benutzte
985 2400 1155 2474 diegiine‘tiqe

86 2478 129 2528 die
140 2473 241 2527 Turesis
254 2490 275 2524 s.
289 2473 393 2539 Madvig
404 2474 420 2543 ἦ
433 2475 474 2526 87,
650 2474 823 2540 Gelegenlreit,
832 2475 864 2527 de
873 2476 918 2525 der
928 2473 1011 2540 liduig
1020 2476 1153 2529 iuC'isar's

122 2547 146 2600 5.
181 2543 303 2594 hostilius
327 2547 452 2611 occupetis
475 2543 597 2595 militibus
651 2543 828 2601 Gowaltwer,
845 2543 900 2593 sieb
914 2543 998 2594 undio
1011 2543 1097 2612 Spitze
1107 2545 1153 2597 dos

88 2615 219 2684 empsim&
246 2611 272 2662 S.
285 2626 316 2661 zu
332 2612 354 2673 l,
367 2610 408 2674 30,
421 2613 445 2662 5.
649 2609 1153 2676 Aubundszusteueuunduohmnser,

124 2686 148 2736 6.
170 2681 268 2732 debusset
283 2681 378 2730 circum
394 2695 480 2731 omues
526 2683 596 2730 ouin-
649 2681 730 2732 stiitzt
750 2678 828 2729 durch
845 2678 917 2729 ihren
935 2677 1086 2745 Giiustling,
1107 2681 1153 2735 deo

89 2757 152 2806 eme.
176 2748 261 2801 Ueber
277 2747 376 2798 domuit
392 2748 490 2799 obue0
509 2749 559 2799 leot
575 2765 595 2798 s.
650 2747 785 2800 Eunuchos
796 2744 962 2815 Ganymedes,
972 2749 1154 2814 ausderllurg.

90 2839 122 2875 zu
135 2822 161 2885 2,
173 2818 216 2882 20,
229 2819 252 2868 5.
275 2816 313 2866 Zu
325 2818 421 2867 cuorum
430 2817 510 2881 vergl.
524 2833 545 2866 c.
555 2817 596 2881 22,
653 2817 679 2867 B.
693 2815 769 2866 Alex-
782 2816 807 2880 4,
823 2816 850 2878 13
864 2814 935 2866 Cass.
948 2815 996 2865 llio
1008 2815 1049 2882 42,
1063 2816 1103 2866 39.

93 2894 119 2944 1:
137 2889 253 2940 dunisee's
269 2888 364 2936 circum
380 2887 516 2953 mrmwepe'o
536 2885 598 2934 litte·
690 2884 728 2934 10.
752 2886 819 2933 inter
834 2899 889 2933 eos:
906 2883 1032 2933 zwisalten
1048 2884 1157 2935 Meiros

90 2964 136 3023 ris,
151 2956 202 3008 und
217 2956 239 3018 l,
252 2954 291 3015 14,
303 2955 332 3002 5:
343 2953 497 3018 gludmtores
505 2956 599 3004 mcum
655 2953 725 3012 (oder
737 2952 761 3000 iu
773 2950 955 3002 Wirlliclrleit
967 2951 1021 3000 dem
1031 2951 1157 3021 Ganyme-

85 3026 211 3097 some'ltlu
218 3022 351 3073 dimiono.
369 3021 507 3072 ZurSaclrc
517 3022 598 3085 vergl.
653 3022 707 3084 desi
719 3020 767 3068 und
777 3018 899 3069 Acbilles.
917 3020 944 3069 B.
954 3017 1030 3070 Alex.
1042 3022 1067 3085 4,
1078 3022 1158 3072 1:112-

91 3099 140 3148 deu
152 3089 254 3153 Auiang
266 3091 311 3140 des
324 3090 350 3139 B.
363 3089 438 3141 Alex.
653 3091 730 3140 tamin
746 3087 901 3138 dissensione
918 3093 974 3138 ortu
989 3091 1059 3141 inter
1070 3090 1157 3141 Actu-

128 3166 151 3215 7.
178 3163 215 3211 se'c
230 3163 267 3209 eet
279 3163 432 3224 provocatum.
463 3157 599 3209 Ueberdie
653 3158 711 3224 leoz,
732 3159 777 3221 qui
795 3160 912 3206 ueterano
934 3160 1063 3208 ceuceu
1077 3175 1156 3227 proe-

92 3237 143 3286 Art
166 3230 251 3282 dieses
276 3224 509 3291 Stressenlsmples
530 3244 550 3278 s.
572 3226 598 3277 B.
653 3231 715 3289 crat,
733 3229 760 3274 et
774 3226 911 3289 Arsinoen,
928 3252 962 3263 -
979 3242 1036 3277 curn
1053 3233 1158 3293 uterqrce
1224 3283 1227 3288 ,

92 3304 169 3356 Alex.
186 3299 208 3348 l.
652 3297 752 3359 oririque
781 3292 949 3344 msidmretur
976 3299 1001 3344 et
1030 3311 1159 3345 summam

127 3371 152 3422 8.
177 3367 208 3419 In
225 3366 271 3415 doe
287 3367 369 3413 tractu
387 3362 469 3430 oppidi
483 3363 533 3413 wie
546 3362 598 3412 Cic.
653 3363 881 3430 imperatobtinere
897 3361 973 3424 vellet,
988 3368 1159 3430 praeoccupat

91 3433 275 3561 uultu
294 3430 600 3565 lidssqittl‘lss
654 3427 1158 3563 tettiitmtutmts

484 3538 490 3550 ·
509 3536 554 3551 ···
730 3535 737 3560 e
970 3534 978 3560 r
1146 3526 1158 3535 ‘

91 3528 171 3629 lirin
187 3577 283 3626 bonore
298 3572 406 3623 ornari.
421 3605 427 3617 .
442 3605 447 3617 .
462 3605 467 3617 .
485 3569 598 3618 arbitra·
616 3587 620 3594 ·
655 3566 710 3624 lom,
724 3565 846 3631 interficit
864 3564 938 3628 (Plut.
951 3563 1034 3631 Pomp.
1049 3565 1081 3614 80
1094 3565 1160 3616 liisst

92 3649 179 3698 datur.
197 3672 232 3682 -
247 3644 318 3694 arcis
333 3637 433 3690 tenebat
447 3635 543 3686 locum:
559 3636 600 3685 die
653 3636 694 3684 ibn
718 3632 851 3689 fa'lscblicb
872 3650 921 3682 von
943 3631 1023 3683 cusu
1046 3633 1160 3696 getddtet

93 3714 176 3766 Stelle
188 3713 261 3763 einer
273 3710 347 3773 Burs,
360 3704 482 3755 Citadelle
492 3711 598 3754 vertret.
654 3703 775 3762 werden).
798 3700 844 3750 llic
857 3701 1016 3764 Uneiuiglreit
1034 3701 1066 3749 im
1080 3698 1159 3750 leiod-

91 3811 126 3821 ·-
138 3786 167 3835 et
177 3780 214 3832 od
224 3772 465 3844 reliquanaeualiod.
475 3772 491 3823 it
503 3772 600 3838 reliqua
653 3772 735 3821 lichen
759 3769 843 3833 Lager
866 3770 915 3818 und
939 3769 980 3817 die
1000 3768 1158 3834 llrmordoug

91 3853 164 3915 loca,
182 3849 272 3916 quibus
290 3861 367 3897 naves
383 3841 556 3907 excipiuntur,
573 3840 599 3890 in
655 3840 698 3889 des
732 3836 875 3887 Aniibrers
910 3834 1022 3886 ldrderte
1057 3835 1158 3886 Ciisar’s

91 3922 138 3972 der
151 3919 223 3971 nuuc
236 3913 430 3972 occurrence.
446 3909 503 3971 Ill,
516 3908 540 3958 6.
655 3906 734 3957 Secbe
751 3906 831 3967 nicht,
848 3905 879 3954 da
893 3903 1051 3970 Ganymedes
1063 3904 1157 3954 tiichti-

127 3988 152 4038 9,
185 3985 246 4052 filia
271 3986 356 4034 mmor
379 3976 534 4027 Ptolemaei:
560 3976 601 4025 dic
655 3990 700 4039 ger
719 3989 788 4035 war,
810 3973 848 4022 als
864 3970 1036 4021 Aobillus.·-
1053 3975 1158 4038 magnis
