<?xml version="1.0" encoding="UTF-8"?>
<!DOCTYPE html PUBLIC "-//W3C//DTD XHTML 1.0 Transitional//EN"
    "http://www.w3.org/TR/xhtml1/DTD/xhtml1-transitional.dtd">
<html xmlns="http://www.w3.org/1999/xhtml" xml:lang="en" lang="en">
 <head>
  <title>
</title>
<meta http-equiv="Content-Type" content="text/html;charset=utf-8" />
  <meta name='ocr-system' content='tesseract 3.04.00' />
  <meta name='ocr-capabilities' content='ocr_page ocr_carea ocr_par ocr_line ocrx_word'/>
</head>
<body>
  <div class='ocr_page' id='page_1' title='image "./ciuliicaesarisc00krangoog/ciuliicaesarisc00krangoog_0212.png"; bbox 0 0 2572 4424; ppageno 0'>
   <div class='ocr_carea' id='block_1_1' title="bbox 515 264 1127 333">
    <p class='ocr_par' dir='ltr' id='par_1_1' title="bbox 515 264 1127 333">
     <span class='ocr_line' id='line_1_1' title="bbox 515 264 1127 333; baseline 0.003 -16"><span class='ocrx_word' id='word_1_1' title='bbox 515 264 678 321; x_wconf 81' lang='lat' dir='ltr'>n1.ac-3o.</span> <span class='ocrx_word' id='word_1_2' title='bbox 1068 270 1127 333; x_wconf 78' lang='lat' dir='ltr'>tos</span> 
     </span>
    </p>
   </div>
   <div class='ocr_carea' id='block_1_2' title="bbox 9 418 1197 2043">
    <p class='ocr_par' dir='ltr' id='par_1_2' title="bbox 9 418 1197 933">
     <span class='ocr_line' id='line_1_2' title="bbox 59 418 1197 504; baseline 0.004 -23"><span class='ocrx_word' id='word_1_3' title='bbox 59 438 153 483; x_wconf 83' lang='lat' dir='ltr'>naves</span> <span class='ocrx_word' id='word_1_4' title='bbox 164 418 198 480; x_wconf 94' lang='lat' dir='ltr'>in</span> <span class='ocrx_word' id='word_1_5' title='bbox 208 420 322 481; x_wconf 84' lang='lat' dir='ltr'>ltaliam</span> <span class='ocrx_word' id='word_1_6' title='bbox 334 419 460 481; x_wconf 86' lang='lat' dir='ltr'>remittit</span> <span class='ocrx_word' id='word_1_7' title='bbox 471 421 507 482; x_wconf 94' lang='lat' dir='ltr'>ad</span> <span class='ocrx_word' id='word_1_8' title='bbox 518 422 649 502; x_wconf 86' lang='lat' dir='ltr'>reliquos</span> <span class='ocrx_word' id='word_1_9' title='bbox 662 422 771 485; x_wconf 82' lang='lat' dir='ltr'>utilites</span> <span class='ocrx_word' id='word_1_10' title='bbox 783 424 961 504; x_wconf 73' lang='lat' dir='ltr'>equitesque</span> <span class='ocrx_word' id='word_1_11' title='bbox 974 432 1129 504; x_wconf 86' lang='lat' dir='ltr'>transpor·</span> <span class='ocrx_word' id='word_1_12' title='bbox 1194 420 1197 425; x_wconf 76' lang='grc'><strong>’</strong></span> 
     </span>
     <span class='ocr_line' id='line_1_3' title="bbox 59 507 1166 587; baseline 0.004 -20"><span class='ocrx_word' id='word_1_13' title='bbox 59 508 177 579; x_wconf 76' lang='lat' dir='ltr'>tandm,</span> <span class='ocrx_word' id='word_1_14' title='bbox 199 514 358 587; x_wconf 83' lang='lat' dir='ltr'><strong>pontones,</strong></span> <span class='ocrx_word' id='word_1_15' title='bbox 376 507 457 587; x_wconf 87' lang='lat' dir='ltr'>quod</span> <span class='ocrx_word' id='word_1_16' title='bbox 472 515 519 567; x_wconf 87' lang='lat' dir='ltr'>est</span> <span class='ocrx_word' id='word_1_17' title='bbox 532 526 628 587; x_wconf 81' lang='lat' dir='ltr'>genus</span> <span class='ocrx_word' id='word_1_18' title='bbox 644 509 762 570; x_wconf 83' lang='lat' dir='ltr'>navium</span> <span class='ocrx_word' id='word_1_19' title='bbox 780 510 964 583; x_wconf 82' lang='lat' dir='ltr'>Gadicarum,</span> <span class='ocrx_word' id='word_1_20' title='bbox 979 509 1057 571; x_wconf 90' lang='lat' dir='ltr'>Lissi</span> <span class='ocrx_word' id='word_1_21' title='bbox 1078 528 1128 571; x_wconf 88' lang='lat' dir='ltr'>re·</span> <span class='ocrx_word' id='word_1_22' title='bbox 1149 522 1166 571; x_wconf 76' lang='lat'><strong>3</strong></span> 
     </span>
     <span class='ocr_line' id='line_1_4' title="bbox 59 592 1129 674; baseline 0.005 -21"><span class='ocrx_word' id='word_1_23' title='bbox 59 592 176 673; x_wconf 86' lang='lat' dir='ltr'><strong>linquit,</strong></span> <span class='ocrx_word' id='word_1_24' title='bbox 194 593 251 653; x_wconf 93' lang='lat' dir='ltr'>boc</span> <span class='ocrx_word' id='word_1_25' title='bbox 261 592 396 666; x_wconf 86' lang='lat' dir='ltr'>consilio,</span> <span class='ocrx_word' id='word_1_26' title='bbox 410 600 443 653; x_wconf 86' lang='lat' dir='ltr'>ut</span> <span class='ocrx_word' id='word_1_27' title='bbox 454 592 480 653; x_wconf 91' lang='lat' dir='ltr'>si</span> <span class='ocrx_word' id='word_1_28' title='bbox 492 592 568 654; x_wconf 85' lang='lat' dir='ltr'>forte</span> <span class='ocrx_word' id='word_1_29' title='bbox 580 594 741 674; x_wconf 86' lang='lat' dir='ltr'>Pompeius</span> <span class='ocrx_word' id='word_1_30' title='bbox 753 615 873 657; x_wconf 90' lang='lat' dir='ltr'>vacuam</span> <span class='ocrx_word' id='word_1_31' title='bbox 886 595 1059 657; x_wconf 81' lang='lat' dir='ltr'>existimans</span> <span class='ocrx_word' id='word_1_32' title='bbox 1071 596 1129 658; x_wconf 87' lang='lat' dir='ltr'>Ita-</span> 
     </span>
     <span class='ocr_line' id='line_1_5' title="bbox 60 677 1128 761; baseline 0.004 -22"><span class='ocrx_word' id='word_1_33' title='bbox 60 678 128 739; x_wconf 83' lang='lat' dir='ltr'>liam</span> <span class='ocrx_word' id='word_1_34' title='bbox 144 697 181 740; x_wconf 91' lang='lat' dir='ltr'>eo</span> <span class='ocrx_word' id='word_1_35' title='bbox 196 678 362 740; x_wconf 84' lang='lat' dir='ltr'>traiecisset</span> <span class='ocrx_word' id='word_1_36' title='bbox 377 677 556 751; x_wconf 80' lang='lat' dir='ltr'>exercitum,</span> <span class='ocrx_word' id='word_1_37' title='bbox 578 699 653 758; x_wconf 85' lang='lat' dir='ltr'>quae</span> <span class='ocrx_word' id='word_1_38' title='bbox 669 680 770 760; x_wconf 84' lang='lat' dir='ltr'>opinio</span> <span class='ocrx_word' id='word_1_39' title='bbox 786 690 850 742; x_wconf 85' lang='lat' dir='ltr'>erat</span> <span class='ocrx_word' id='word_1_40' title='bbox 870 682 948 743; x_wconf 92' lang='lat' dir='ltr'>edita</span> <span class='ocrx_word' id='word_1_41' title='bbox 970 682 1000 743; x_wconf 94' lang='lat' dir='ltr'>in</span> <span class='ocrx_word' id='word_1_42' title='bbox 1016 683 1128 761; x_wconf 81' lang='lat' dir='ltr'>vulgus,</span> 
     </span>
     <span class='ocr_line' id='line_1_6' title="bbox 61 763 1166 847; baseline 0.001 -22"><span class='ocrx_word' id='word_1_43' title='bbox 61 763 191 844; x_wconf 88' lang='lat' dir='ltr'>aliquam</span> <span class='ocrx_word' id='word_1_44' title='bbox 207 764 316 826; x_wconf 85' lang='lat' dir='ltr'>Caesar</span> <span class='ocrx_word' id='word_1_45' title='bbox 329 764 365 825; x_wconf 89' lang='lat' dir='ltr'>ad</span> <span class='ocrx_word' id='word_1_46' title='bbox 382 764 601 844; x_wconf 88' lang='lat' dir='ltr'>insequendum</span> <span class='ocrx_word' id='word_1_47' title='bbox 617 766 785 827; x_wconf 79' lang='lat' dir='ltr'>facultatem</span> <span class='ocrx_word' id='word_1_48' title='bbox 797 766 929 839; x_wconf 90' lang='lat' dir='ltr'>haberet,</span> <span class='ocrx_word' id='word_1_49' title='bbox 946 768 1128 847; x_wconf 86' lang='lat' dir='ltr'><strong>nuntiosque</strong></span> <span class='ocrx_word' id='word_1_50' title='bbox 1149 776 1166 826; x_wconf 83' lang='lat'>4</span> 
     </span>
     <span class='ocr_line' id='line_1_7' title="bbox 9 849 1131 933; baseline 0.003 -22"><span class='ocrx_word' id='word_1_51' title='bbox 9 921 11 928; x_wconf 52' lang='lat'>.</span> <span class='ocrx_word' id='word_1_52' title='bbox 61 850 95 911; x_wconf 82' lang='lat' dir='ltr'>ad</span> <span class='ocrx_word' id='word_1_53' title='bbox 111 867 183 910; x_wconf 91' lang='lat' dir='ltr'>eum</span> <span class='ocrx_word' id='word_1_54' title='bbox 196 849 333 911; x_wconf 83' lang='lat' dir='ltr'>celeriter</span> <span class='ocrx_word' id='word_1_55' title='bbox 343 850 445 922; x_wconf 87' lang='lat' dir='ltr'>mittit,</span> <span class='ocrx_word' id='word_1_56' title='bbox 457 849 566 929; x_wconf 87' lang='lat' dir='ltr'>quibus</span> <span class='ocrx_word' id='word_1_57' title='bbox 578 851 750 930; x_wconf 83' lang='lat' dir='ltr'>regionibus</span> <span class='ocrx_word' id='word_1_58' title='bbox 762 853 925 914; x_wconf 82' lang='lat' dir='ltr'>exercitum</span> <span class='ocrx_word' id='word_1_59' title='bbox 944 854 1131 933; x_wconf 81' lang='lat' dir='ltr'>exposuisset</span> 
     </span>
    </p>

    <p class='ocr_par' dir='ltr' id='par_1_3' title="bbox 9 934 560 1016">
     <span class='ocr_line' id='line_1_8' title="bbox 9 934 560 1016; baseline 0.004 -21"><span class='ocrx_word' id='word_1_60' title='bbox 9 947 13 954; x_wconf 83' lang='lat'>·</span> <span class='ocrx_word' id='word_1_61' title='bbox 61 935 178 1016; x_wconf 88' lang='lat' dir='ltr'>etquid</span> <span class='ocrx_word' id='word_1_62' title='bbox 193 934 322 996; x_wconf 90' lang='lat' dir='ltr'>militum</span> <span class='ocrx_word' id='word_1_63' title='bbox 338 936 560 997; x_wconf 74' lang='lat' dir='ltr'>transvenisset.</span> 
     </span>
    </p>

    <p class='ocr_par' dir='ltr' id='par_1_4' title="bbox 59 1019 1165 2043">
     <span class='ocr_line' id='line_1_9' title="bbox 146 1019 1129 1104; baseline 0.004 -23"><span class='ocrx_word' id='word_1_64' title='bbox 146 1019 198 1081; x_wconf 85' lang='grc'>30.</span> <span class='ocrx_word' id='word_1_65' title='bbox 230 1020 309 1083; x_wconf 85' lang='lat' dir='ltr'>Haec</span> <span class='ocrx_word' id='word_1_66' title='bbox 334 1022 441 1083; x_wconf 92' lang='lat' dir='ltr'>eodem</span> <span class='ocrx_word' id='word_1_67' title='bbox 469 1022 532 1083; x_wconf 83' lang='lat' dir='ltr'>fere</span> <span class='ocrx_word' id='word_1_68' title='bbox 559 1030 693 1102; x_wconf 86' lang='lat' dir='ltr'>tempore</span> <span class='ocrx_word' id='word_1_69' title='bbox 719 1023 824 1085; x_wconf 84' lang='lat' dir='ltr'>Caesar</span> <span class='ocrx_word' id='word_1_70' title='bbox 852 1033 941 1104; x_wconf 87' lang='lat' dir='ltr'>atque</span> <span class='ocrx_word' id='word_1_71' title='bbox 968 1023 1129 1103; x_wconf 88' lang='lat' dir='ltr'>Pompeius</span> 
     </span>
     <span class='ocr_line' id='line_1_10' title="bbox 60 1107 1128 1189; baseline 0.003 -22"><span class='ocrx_word' id='word_1_72' title='bbox 60 1114 255 1184; x_wconf 74' lang='lat' dir='ltr'>cognoscunt.</span> <span class='ocrx_word' id='word_1_73' title='bbox 298 1107 372 1169; x_wconf 90' lang='lat' dir='ltr'>Nam</span> <span class='ocrx_word' id='word_1_74' title='bbox 398 1116 615 1187; x_wconf 87' lang='lat' dir='ltr'>praetervectas</span> <span class='ocrx_word' id='word_1_75' title='bbox 642 1108 826 1188; x_wconf 76' lang='lat' dir='ltr'>Apolloniam</span> <span class='ocrx_word' id='word_1_76' title='bbox 854 1109 1128 1189; x_wconf 81' lang='lat' dir='ltr'>Dyrriracbiumque</span> 
     </span>
     <span class='ocr_line' id='line_1_11' title="bbox 61 1190 1128 1274; baseline 0.004 -23"><span class='ocrx_word' id='word_1_77' title='bbox 61 1208 151 1253; x_wconf 82' lang='lat' dir='ltr'>naves</span> <span class='ocrx_word' id='word_1_78' title='bbox 166 1190 310 1266; x_wconf 85' lang='lat' dir='ltr'>viderant,</span> <span class='ocrx_word' id='word_1_79' title='bbox 325 1192 384 1273; x_wconf 85' lang='lat' dir='ltr'>ipsi</span> <span class='ocrx_word' id='word_1_80' title='bbox 402 1193 459 1254; x_wconf 86' lang='lat' dir='ltr'>iter</span> <span class='ocrx_word' id='word_1_81' title='bbox 470 1194 636 1255; x_wconf 90' lang='lat' dir='ltr'>secundum</span> <span class='ocrx_word' id='word_1_82' title='bbox 652 1213 702 1255; x_wconf 86' lang='lat' dir='ltr'>eas</span> <span class='ocrx_word' id='word_1_83' title='bbox 717 1204 793 1256; x_wconf 87' lang='lat' dir='ltr'>terra</span> <span class='ocrx_word' id='word_1_84' title='bbox 809 1195 983 1268; x_wconf 85' lang='lat' dir='ltr'>direxerant,</span> <span class='ocrx_word' id='word_1_85' title='bbox 1000 1196 1052 1255; x_wconf 90' lang='lat' dir='ltr'>scd</span> <span class='ocrx_word' id='word_1_86' title='bbox 1069 1214 1128 1274; x_wconf 93' lang='lat' dir='ltr'>quo</span> 
     </span>
     <span class='ocr_line' id='line_1_12' title="bbox 61 1278 1163 1361; baseline -0.002 -24"><span class='ocrx_word' id='word_1_87' title='bbox 61 1278 468 1359; x_wconf 85' lang='lat' dir='ltr'>essenteaedelatae‚primis</span> <span class='ocrx_word' id='word_1_88' title='bbox 480 1278 584 1341; x_wconf 91' lang='lat' dir='ltr'>diebus</span> <span class='ocrx_word' id='word_1_89' title='bbox 597 1278 778 1358; x_wconf 79' lang='lat' dir='ltr'>ignorabant.</span> <span class='ocrx_word' id='word_1_90' title='bbox 801 1280 1127 1361; x_wconf 80' lang='lat' dir='ltr'>Cognitoquerediver-</span> <span class='ocrx_word' id='word_1_91' title='bbox 1147 1286 1163 1335; x_wconf 79' lang='lat'>2</span> 
     </span>
     <span class='ocr_line' id='line_1_13' title="bbox 61 1362 1127 1445; baseline 0.003 -22"><span class='ocrx_word' id='word_1_92' title='bbox 61 1382 92 1424; x_wconf 87' lang='lat' dir='ltr'>sa</span> <span class='ocrx_word' id='word_1_93' title='bbox 106 1362 168 1425; x_wconf 91' lang='lat' dir='ltr'>sibi</span> <span class='ocrx_word' id='word_1_94' title='bbox 181 1362 269 1425; x_wconf 89' lang='lat' dir='ltr'>ambo</span> <span class='ocrx_word' id='word_1_95' title='bbox 285 1363 407 1426; x_wconf 86' lang='lat' dir='ltr'>consilia</span> <span class='ocrx_word' id='word_1_96' title='bbox 422 1364 557 1444; x_wconf 84' lang='lat' dir='ltr'>capiunt:</span> <span class='ocrx_word' id='word_1_97' title='bbox 574 1365 689 1439; x_wconf 89' lang='lat' dir='ltr'>Cacsar,</span> <span class='ocrx_word' id='word_1_98' title='bbox 706 1374 739 1426; x_wconf 92' lang='lat' dir='ltr'>ut</span> <span class='ocrx_word' id='word_1_99' title='bbox 756 1366 991 1445; x_wconf 82' lang='lat' dir='ltr'>quamprimum</span> <span class='ocrx_word' id='word_1_100' title='bbox 1008 1386 1041 1427; x_wconf 88' lang='lat' dir='ltr'>se</span> <span class='ocrx_word' id='word_1_101' title='bbox 1059 1385 1127 1426; x_wconf 94' lang='lat' dir='ltr'>cum</span> 
     </span>
     <span class='ocr_line' id='line_1_14' title="bbox 60 1449 1128 1530; baseline 0.002 -21"><span class='ocrx_word' id='word_1_102' title='bbox 60 1449 194 1511; x_wconf 84' lang='lat' dir='ltr'>dntonio</span> <span class='ocrx_word' id='word_1_103' title='bbox 206 1449 416 1530; x_wconf 56' lang='lat' dir='ltr'>coniungerem</span> <span class='ocrx_word' id='word_1_104' title='bbox 431 1450 601 1530; x_wconf 85' lang='lat' dir='ltr'>Pompeius,</span> <span class='ocrx_word' id='word_1_105' title='bbox 617 1460 650 1512; x_wconf 94' lang='lat' dir='ltr'>ut</span> <span class='ocrx_word' id='word_1_106' title='bbox 663 1452 850 1513; x_wconf 86' lang='lat' dir='ltr'>venientibus</span> <span class='ocrx_word' id='word_1_107' title='bbox 863 1452 893 1512; x_wconf 94' lang='lat' dir='ltr'>in</span> <span class='ocrx_word' id='word_1_108' title='bbox 907 1452 1013 1512; x_wconf 87' lang='lat' dir='ltr'>itinere</span> <span class='ocrx_word' id='word_1_109' title='bbox 1029 1471 1061 1512; x_wconf 92' lang='lat' dir='ltr'>se</span> <span class='ocrx_word' id='word_1_110' title='bbox 1073 1470 1128 1530; x_wconf 85' lang='lat' dir='ltr'>op-</span> 
     </span>
     <span class='ocr_line' id='line_1_15' title="bbox 59 1535 1165 1617; baseline 0 -22"><span class='ocrx_word' id='word_1_111' title='bbox 59 1543 195 1615; x_wconf 75' lang='lat' dir='ltr'>poneret,</span> <span class='ocrx_word' id='word_1_112' title='bbox 211 1536 236 1596; x_wconf 85' lang='lat' dir='ltr'>si</span> <span class='ocrx_word' id='word_1_113' title='bbox 249 1535 453 1615; x_wconf 81' lang='lat' dir='ltr'>imprudentes</span> <span class='ocrx_word' id='word_1_114' title='bbox 466 1556 501 1596; x_wconf 84' lang='lat' dir='ltr'>ex</span> <span class='ocrx_word' id='word_1_115' title='bbox 519 1536 633 1597; x_wconf 86' lang='lat' dir='ltr'>insidiis</span> <span class='ocrx_word' id='word_1_116' title='bbox 648 1537 757 1598; x_wconf 91' lang='lat' dir='ltr'>adoriri</span> <span class='ocrx_word' id='word_1_117' title='bbox 773 1546 882 1617; x_wconf 85' lang='lat' dir='ltr'>posset,</span> <span class='ocrx_word' id='word_1_118' title='bbox 899 1538 1064 1617; x_wconf 89' lang='lat' dir='ltr'>eodemque</span> <span class='ocrx_word' id='word_1_119' title='bbox 1080 1537 1127 1597; x_wconf 94' lang='lat' dir='ltr'>die</span> <span class='ocrx_word' id='word_1_120' title='bbox 1149 1545 1165 1594; x_wconf 83' lang='grc'>3</span> 
     </span>
     <span class='ocr_line' id='line_1_16' title="bbox 60 1622 1129 1702; baseline -0.001 -19"><span class='ocrx_word' id='word_1_121' title='bbox 60 1629 190 1701; x_wconf 89' lang='lat' dir='ltr'>uterque</span> <span class='ocrx_word' id='word_1_122' title='bbox 202 1639 306 1683; x_wconf 89' lang='lat' dir='ltr'>eorum</span> <span class='ocrx_word' id='word_1_123' title='bbox 320 1642 355 1683; x_wconf 88' lang='lat' dir='ltr'>ex</span> <span class='ocrx_word' id='word_1_124' title='bbox 367 1622 471 1683; x_wconf 89' lang='lat' dir='ltr'>castris</span> <span class='ocrx_word' id='word_1_125' title='bbox 483 1622 597 1683; x_wconf 80' lang='lat' dir='ltr'>stativis</span> <span class='ocrx_word' id='word_1_126' title='bbox 613 1642 629 1683; x_wconf 93' lang='lat' dir='ltr'>a</span> <span class='ocrx_word' id='word_1_127' title='bbox 645 1624 768 1684; x_wconf 85' lang='lat' dir='ltr'>flumine</span> <span class='ocrx_word' id='word_1_128' title='bbox 783 1624 863 1702; x_wconf 77' lang='lat' dir='ltr'>Apso</span> <span class='ocrx_word' id='word_1_129' title='bbox 875 1623 1037 1684; x_wconf 85' lang='lat' dir='ltr'>exercitum</span> <span class='ocrx_word' id='word_1_130' title='bbox 1054 1622 1129 1682; x_wconf 92' lang='lat' dir='ltr'>edu-</span> 
     </span>
     <span class='ocr_line' id='line_1_17' title="bbox 60 1706 1127 1788; baseline -0.001 -21"><span class='ocrx_word' id='word_1_131' title='bbox 60 1714 150 1767; x_wconf 83' lang='lat' dir='ltr'>cunt:</span> <span class='ocrx_word' id='word_1_132' title='bbox 177 1706 339 1787; x_wconf 87' lang='lat' dir='ltr'>Pompeius</span> <span class='ocrx_word' id='word_1_133' title='bbox 360 1709 435 1768; x_wconf 90' lang='lat' dir='ltr'>ciam</span> <span class='ocrx_word' id='word_1_134' title='bbox 457 1717 487 1767; x_wconf 88' lang='lat' dir='ltr'>ct</span> <span class='ocrx_word' id='word_1_135' title='bbox 507 1715 614 1779; x_wconf 87' lang='lat' dir='ltr'>noctu,</span> <span class='ocrx_word' id='word_1_136' title='bbox 635 1707 743 1769; x_wconf 80' lang='lat' dir='ltr'>Caesar</span> <span class='ocrx_word' id='word_1_137' title='bbox 763 1710 858 1787; x_wconf 83' lang='lat' dir='ltr'>palam</span> <span class='ocrx_word' id='word_1_138' title='bbox 878 1718 967 1788; x_wconf 87' lang='lat' dir='ltr'>atque</span> <span class='ocrx_word' id='word_1_139' title='bbox 987 1707 1127 1768; x_wconf 86' lang='lat' dir='ltr'>interdiu.</span> 
     </span>
     <span class='ocr_line' id='line_1_18' title="bbox 60 1790 1165 1873; baseline -0.004 -20"><span class='ocrx_word' id='word_1_140' title='bbox 60 1790 121 1853; x_wconf 90' lang='lat' dir='ltr'>Sed</span> <span class='ocrx_word' id='word_1_141' title='bbox 134 1791 253 1856; x_wconf 78' lang='lat' dir='ltr'>Caesari</span> <span class='ocrx_word' id='word_1_142' title='bbox 265 1793 390 1855; x_wconf 90' lang='lat' dir='ltr'>circuitu</span> <span class='ocrx_word' id='word_1_143' title='bbox 405 1794 516 1854; x_wconf 88' lang='lat' dir='ltr'>maiore</span> <span class='ocrx_word' id='word_1_144' title='bbox 532 1794 588 1855; x_wconf 90' lang='lat' dir='ltr'>iter</span> <span class='ocrx_word' id='word_1_145' title='bbox 602 1802 664 1854; x_wconf 87' lang='lat' dir='ltr'>erat</span> <span class='ocrx_word' id='word_1_146' title='bbox 678 1794 795 1873; x_wconf 82' lang='lat' dir='ltr'>longius</span> <span class='ocrx_word' id='word_1_147' title='bbox 811 1795 932 1855; x_wconf 84' lang='lat' dir='ltr'>adverso</span> <span class='ocrx_word' id='word_1_148' title='bbox 945 1794 1078 1865; x_wconf 82' lang='lat' dir='ltr'>flumine,</span> <span class='ocrx_word' id='word_1_149' title='bbox 1094 1801 1128 1854; x_wconf 92' lang='lat' dir='ltr'>ut</span> <span class='ocrx_word' id='word_1_150' title='bbox 1148 1800 1165 1849; x_wconf 76' lang='lat'>4</span> 
     </span>
     <span class='ocr_line' id='line_1_19' title="bbox 61 1876 1127 1959; baseline 0 -22"><span class='ocrx_word' id='word_1_151' title='bbox 61 1876 137 1938; x_wconf 86' lang='lat' dir='ltr'>vado</span> <span class='ocrx_word' id='word_1_152' title='bbox 151 1878 281 1940; x_wconf 85' lang='lat' dir='ltr'>transire</span> <span class='ocrx_word' id='word_1_153' title='bbox 296 1887 412 1958; x_wconf 87' lang='lat' dir='ltr'>posset:</span> <span class='ocrx_word' id='word_1_154' title='bbox 430 1878 600 1958; x_wconf 70' lang='lat' dir='ltr'>Pompeius</span> <span class='ocrx_word' id='word_1_155' title='bbox 617 1880 686 1959; x_wconf 86' lang='lat' dir='ltr'>quia</span> <span class='ocrx_word' id='word_1_156' title='bbox 698 1880 833 1959; x_wconf 79' lang='lat' dir='ltr'>expedito</span> <span class='ocrx_word' id='word_1_157' title='bbox 848 1880 955 1939; x_wconf 88' lang='lat' dir='ltr'>itinere</span> <span class='ocrx_word' id='word_1_158' title='bbox 971 1879 1084 1939; x_wconf 85' lang='lat' dir='ltr'>flumen</span> <span class='ocrx_word' id='word_1_159' title='bbox 1101 1878 1127 1938; x_wconf 91' lang='lat' dir='ltr'>ei</span> 
     </span>
     <span class='ocr_line' id='line_1_20' title="bbox 60 1963 1128 2043; baseline -0.001 -19"><span class='ocrx_word' id='word_1_160' title='bbox 60 1965 279 2025; x_wconf 85' lang='lat' dir='ltr'>transeundum</span> <span class='ocrx_word' id='word_1_161' title='bbox 291 1981 352 2025; x_wconf 93' lang='lat' dir='ltr'>non</span> <span class='ocrx_word' id='word_1_162' title='bbox 365 1974 436 2037; x_wconf 87' lang='lat' dir='ltr'>erat,</span> <span class='ocrx_word' id='word_1_163' title='bbox 449 1965 563 2043; x_wconf 81' lang='lat' dir='ltr'>magnis</span> <span class='ocrx_word' id='word_1_164' title='bbox 576 1965 736 2026; x_wconf 86' lang='lat' dir='ltr'>itineribus</span> <span class='ocrx_word' id='word_1_165' title='bbox 748 1966 784 2027; x_wconf 92' lang='lat' dir='ltr'>ad</span> <span class='ocrx_word' id='word_1_166' title='bbox 797 1965 959 2027; x_wconf 79' lang='lat' dir='ltr'>Antonium</span> <span class='ocrx_word' id='word_1_167' title='bbox 972 1963 1128 2026; x_wconf 83' lang='lat' dir='ltr'>contendit</span> 
     </span>
    </p>
   </div>
   <div class='ocr_carea' id='block_1_3' title="bbox 60 2182 1127 2303">
    <p class='ocr_par' dir='ltr' id='par_1_5' title="bbox 60 2182 1127 2303">
     <span class='ocr_line' id='line_1_21' title="bbox 60 2182 1127 2303; baseline 0.001 -71"><span class='ocrx_word' id='word_1_168' title='bbox 60 2198 124 2233; x_wconf 83' lang='lat' dir='ltr'>rem</span> <span class='ocrx_word' id='word_1_169' title='bbox 141 2182 239 2233; x_wconf 79' lang='lat' dir='ltr'>milia</span> <span class='ocrx_word' id='word_1_170' title='bbox 250 2183 362 2303; x_wconf 55' lang='lat' dir='ltr'>{tenum</span> <span class='ocrx_word' id='word_1_171' title='bbox 374 2188 482 2235; x_wconf 83' lang='lat' dir='ltr'>erant:</span> <span class='ocrx_word' id='word_1_172' title='bbox 500 2185 567 2235; x_wconf 83' lang='lat' dir='ltr'>iiiml.</span> <span class='ocrx_word' id='word_1_173' title='bbox 622 2201 650 2236; x_wconf 91' lang='lat' dir='ltr'>so</span> <span class='ocrx_word' id='word_1_174' title='bbox 661 2184 840 2249; x_wconf 80' lang='lat' dir='ltr'>auffallender,</span> <span class='ocrx_word' id='word_1_175' title='bbox 855 2186 887 2235; x_wconf 86' lang='lat' dir='ltr'>du</span> <span class='ocrx_word' id='word_1_176' title='bbox 896 2185 974 2235; x_wconf 85' lang='lat' dir='ltr'>durch</span> <span class='ocrx_word' id='word_1_177' title='bbox 984 2186 1029 2234; x_wconf 87' lang='lat' dir='ltr'>das</span> <span class='ocrx_word' id='word_1_178' title='bbox 1039 2184 1127 2233; x_wconf 87' lang='lat' dir='ltr'>hinzu-</span> 
     </span>
    </p>
   </div>
   <div class='ocr_carea' id='block_1_4' title="bbox 54 2248 1134 4032">
    <p class='ocr_par' dir='ltr' id='par_1_6' title="bbox 54 2248 1134 4032">
     <span class='ocr_line' id='line_1_22' title="bbox 61 2248 1127 2317; baseline 0.001 -16"><span class='ocrx_word' id='word_1_179' title='bbox 61 2250 118 2301; x_wconf 75' lang='lat' dir='ltr'>ctis.</span> <span class='ocrx_word' id='word_1_180' title='bbox 130 2250 158 2301; x_wconf 83' lang='grc' dir='ltr'>Β.</span> <span class='ocrx_word' id='word_1_181' title='bbox 173 2248 204 2302; x_wconf 82' lang='lat' dir='ltr'>G.</span> <span class='ocrx_word' id='word_1_182' title='bbox 217 2252 239 2317; x_wconf 94' lang='grc'>1,</span> <span class='ocrx_word' id='word_1_183' title='bbox 267 2254 291 2317; x_wconf 84' lang='grc'>9,</span> <span class='ocrx_word' id='word_1_184' title='bbox 301 2254 330 2303; x_wconf 83' lang='lat'>3:</span> <span class='ocrx_word' id='word_1_185' title='bbox 342 2269 443 2303; x_wconf 75' lang='lat' dir='ltr'>saccaron</span> <span class='ocrx_word' id='word_1_186' title='bbox 455 2256 568 2303; x_wconf 68' lang='lat' dir='ltr'>morotum</span> <span class='ocrx_word' id='word_1_187' title='bbox 621 2252 725 2317; x_wconf 73' lang='lat' dir='ltr'>gesugte</span> <span class='ocrx_word' id='word_1_188' title='bbox 743 2269 828 2305; x_wconf 74' lang='lat' dir='ltr'>cortem</span> <span class='ocrx_word' id='word_1_189' title='bbox 842 2256 888 2304; x_wconf 90' lang='lat' dir='ltr'>der</span> <span class='ocrx_word' id='word_1_190' title='bbox 899 2254 997 2317; x_wconf 80' lang='lat' dir='ltr'>Bogriff</span> <span class='ocrx_word' id='word_1_191' title='bbox 1005 2253 1051 2302; x_wconf 89' lang='lat' dir='ltr'>der</span> <span class='ocrx_word' id='word_1_192' title='bbox 1061 2252 1127 2305; x_wconf 89' lang='lat' dir='ltr'>Ver·</span> 
     </span>
     <span class='ocr_line' id='line_1_23' title="bbox 54 2320 1127 2387; baseline 0 -18"><span class='ocrx_word' id='word_1_193' title='bbox 54 2320 202 2387; x_wconf 78' lang='lat' dir='ltr'>suerunt</span> <span class='ocrx_word' id='word_1_194' title='bbox 213 2320 248 2371; x_wconf 78' lang='lat' dir='ltr'>od</span> <span class='ocrx_word' id='word_1_195' title='bbox 257 2320 329 2372; x_wconf 68' lang='lat' dir='ltr'>mdia</span> <span class='ocrx_word' id='word_1_196' title='bbox 341 2320 523 2373; x_wconf 79' lang='lat' dir='ltr'><em>CCCLXVIII.</em></span> <span class='ocrx_word' id='word_1_197' title='bbox 535 2350 568 2358; x_wconf 94' lang='lat'><em>-</em></span> <span class='ocrx_word' id='word_1_198' title='bbox 622 2323 757 2386; x_wconf 77' lang='lat' dir='ltr'>einzeluug</span> <span class='ocrx_word' id='word_1_199' title='bbox 770 2323 796 2373; x_wconf 93' lang='lat' dir='ltr'>in</span> <span class='ocrx_word' id='word_1_200' title='bbox 805 2328 908 2387; x_wconf 82' lang='lat' dir='ltr'>uterque</span> <span class='ocrx_word' id='word_1_201' title='bbox 917 2323 981 2372; x_wconf 89' lang='lat' dir='ltr'>noch</span> <span class='ocrx_word' id='word_1_202' title='bbox 989 2322 1060 2371; x_wconf 89' lang='lat' dir='ltr'>mehr</span> <span class='ocrx_word' id='word_1_203' title='bbox 1068 2321 1127 2370; x_wconf 90' lang='lat' dir='ltr'>her-</span> 
     </span>
     <span class='ocr_line' id='line_1_24' title="bbox 59 2386 1128 2456; baseline 0 -18"><span class='ocrx_word' id='word_1_204' title='bbox 59 2386 155 2438; x_wconf 72' lang='lat' dir='ltr'>milites</span> <span class='ocrx_word' id='word_1_205' title='bbox 166 2391 318 2455; x_wconf 71' lang='lat' dir='ltr'>equitesque:</span> <span class='ocrx_word' id='word_1_206' title='bbox 333 2390 355 2453; x_wconf 85' lang='lat'>1,</span> <span class='ocrx_word' id='word_1_207' title='bbox 369 2391 410 2453; x_wconf 83' lang='grc'>51,</span> <span class='ocrx_word' id='word_1_208' title='bbox 425 2391 447 2442; x_wconf 92' lang='grc'>1.</span> <span class='ocrx_word' id='word_1_209' title='bbox 620 2391 736 2442; x_wconf 86' lang='lat' dir='ltr'>voitritt.</span> <span class='ocrx_word' id='word_1_210' title='bbox 766 2391 790 2456; x_wconf 83' lang='lat'>3,</span> <span class='ocrx_word' id='word_1_211' title='bbox 810 2392 850 2454; x_wconf 81' lang='lat'>70,</span> <span class='ocrx_word' id='word_1_212' title='bbox 870 2391 894 2440; x_wconf 88' lang='lat' dir='ltr'>l:</span> <span class='ocrx_word' id='word_1_213' title='bbox 917 2395 1020 2455; x_wconf 70' lang='lat' dir='ltr'>ubrqaoe</span> <span class='ocrx_word' id='word_1_214' title='bbox 1039 2403 1128 2439; x_wconf 85' lang='lat' dir='ltr'>eorum</span> 
     </span>
     <span class='ocr_line' id='line_1_25' title="bbox 95 2457 1128 2527; baseline -0.001 -20"><span class='ocrx_word' id='word_1_215' title='bbox 95 2458 119 2508; x_wconf 87' lang='grc'>3.</span> <span class='ocrx_word' id='word_1_216' title='bbox 140 2461 275 2525; x_wconf 70' lang='lat' dir='ltr'>posterior,</span> <span class='ocrx_word' id='word_1_217' title='bbox 294 2457 362 2524; x_wconf 78' lang='lat' dir='ltr'>quod</span> <span class='ocrx_word' id='word_1_218' title='bbox 370 2463 498 2525; x_wconf 77' lang='lat' dir='ltr'>estgcrrue</span> <span class='ocrx_word' id='word_1_219' title='bbox 510 2475 567 2509; x_wconf 80' lang='lat' dir='ltr'>nee.</span> <span class='ocrx_word' id='word_1_220' title='bbox 621 2459 739 2510; x_wconf 77' lang='lat' dir='ltr'>studebat.</span> <span class='ocrx_word' id='word_1_221' title='bbox 760 2488 792 2496; x_wconf 95' lang='lat'>—</span> <span class='ocrx_word' id='word_1_222' title='bbox 810 2464 836 2510; x_wconf 75' lang='lat' dir='ltr'>ei</span> <span class='ocrx_word' id='word_1_223' title='bbox 842 2464 940 2527; x_wconf 79' lang='lat' dir='ltr'>posset:</span> <span class='ocrx_word' id='word_1_224' title='bbox 955 2460 977 2523; x_wconf 86' lang='lat' dir='ltr'>l,</span> <span class='ocrx_word' id='word_1_225' title='bbox 991 2461 1015 2521; x_wconf 84' lang='lat'>5,</span> <span class='ocrx_word' id='word_1_226' title='bbox 1030 2460 1052 2507; x_wconf 80' lang='lat'>5.</span> <span class='ocrx_word' id='word_1_227' title='bbox 1066 2484 1099 2493; x_wconf 91' lang='lat'>-</span> <span class='ocrx_word' id='word_1_228' title='bbox 1111 2474 1128 2506; x_wconf 88' lang='lat' dir='ltr'><strong><em>a</em></strong></span> 
     </span>
     <span class='ocr_line' id='line_1_26' title="bbox 60 2524 948 2595; baseline 0.001 -20"><span class='ocrx_word' id='word_1_229' title='bbox 60 2524 86 2575; x_wconf 89' lang='lat' dir='ltr'>S.</span> <span class='ocrx_word' id='word_1_230' title='bbox 105 2540 139 2575; x_wconf 80' lang='lat' dir='ltr'>zu</span> <span class='ocrx_word' id='word_1_231' title='bbox 159 2525 240 2589; x_wconf 83' lang='lat'>1,18,</span> <span class='ocrx_word' id='word_1_232' title='bbox 261 2528 287 2577; x_wconf 86' lang='lat'>1:</span> <span class='ocrx_word' id='word_1_233' title='bbox 306 2526 486 2590; x_wconf 78' lang='lat' dir='ltr'>Subrroreenees,</span> <span class='ocrx_word' id='word_1_234' title='bbox 505 2527 571 2593; x_wconf 81' lang='lat' dir='ltr'>quod</span> <span class='ocrx_word' id='word_1_235' title='bbox 616 2528 822 2595; x_wconf 78' lang='lat' dir='ltr'>flumineApeo:</span> <span class='ocrx_word' id='word_1_236' title='bbox 835 2546 856 2578; x_wconf 88' lang='lat' dir='ltr'>c.</span> <span class='ocrx_word' id='word_1_237' title='bbox 872 2530 911 2590; x_wconf 81' lang='grc'><strong>111,</strong></span> <span class='ocrx_word' id='word_1_238' title='bbox 928 2528 948 2577; x_wconf 89' lang='grc'>1.</span> 
     </span>
     <span class='ocr_line' id='line_1_27' title="bbox 59 2592 1127 2661; baseline 0.001 -18"><span class='ocrx_word' id='word_1_239' title='bbox 59 2597 97 2643; x_wconf 72' lang='lat' dir='ltr'>m</span> <span class='ocrx_word' id='word_1_240' title='bbox 107 2592 234 2661; x_wconf 68' lang='lat' dir='ltr'>oppidove.</span> <span class='ocrx_word' id='word_1_241' title='bbox 252 2592 342 2646; x_wconf 84' lang='lat' dir='ltr'>isidor.</span> <span class='ocrx_word' id='word_1_242' title='bbox 353 2594 397 2646; x_wconf 86' lang='lat' dir='ltr'>0r.</span> <span class='ocrx_word' id='word_1_243' title='bbox 408 2598 447 2657; x_wconf 78' lang='lat'>18,</span> <span class='ocrx_word' id='word_1_244' title='bbox 461 2597 471 2645; x_wconf 92' lang='grc'>1</span> <span class='ocrx_word' id='word_1_245' title='bbox 482 2614 488 2645; x_wconf 89' lang='lat'><strong>:</strong></span> <span class='ocrx_word' id='word_1_246' title='bbox 499 2597 569 2646; x_wconf 82' lang='lat' dir='ltr'>Pou—</span> <span class='ocrx_word' id='word_1_247' title='bbox 656 2598 680 2647; x_wconf 80' lang='grc'>1.</span> <span class='ocrx_word' id='word_1_248' title='bbox 703 2596 806 2647; x_wconf 68' lang='lat' dir='ltr'>adrvereo</span> <span class='ocrx_word' id='word_1_249' title='bbox 820 2596 932 2661; x_wconf 75' lang='lat' dir='ltr'>stae-ruine</span> <span class='ocrx_word' id='word_1_250' title='bbox 947 2595 1017 2645; x_wconf 88' lang='lat' dir='ltr'>nicht</span> <span class='ocrx_word' id='word_1_251' title='bbox 1028 2593 1070 2643; x_wconf 84' lang='lat' dir='ltr'>‘da</span> <span class='ocrx_word' id='word_1_252' title='bbox 1081 2595 1127 2644; x_wconf 93' lang='lat' dir='ltr'>der</span> 
     </span>
     <span class='ocr_line' id='line_1_28' title="bbox 60 2660 1126 2731; baseline -0.001 -19"><span class='ocrx_word' id='word_1_253' title='bbox 60 2663 159 2712; x_wconf 70' lang='lat' dir='ltr'>mnium</span> <span class='ocrx_word' id='word_1_254' title='bbox 177 2666 308 2729; x_wconf 55' lang='lat' dir='ltr'>cangium</span> <span class='ocrx_word' id='word_1_255' title='bbox 320 2664 457 2731; x_wconf 74' lang='lat' dir='ltr'>flumdrale</span> <span class='ocrx_word' id='word_1_256' title='bbox 468 2664 570 2715; x_wconf 78' lang='lat' dir='ltr'>tordmu</span> <span class='ocrx_word' id='word_1_257' title='bbox 623 2664 699 2714; x_wconf 81' lang='lat' dir='ltr'>Fluss</span> <span class='ocrx_word' id='word_1_258' title='bbox 711 2665 761 2714; x_wconf 86' lang='lat' dir='ltr'>ihm</span> <span class='ocrx_word' id='word_1_259' title='bbox 774 2672 907 2729; x_wconf 79' lang='lat' dir='ltr'>entgcgen,</span> <span class='ocrx_word' id='word_1_260' title='bbox 920 2662 1043 2714; x_wconf 85' lang='lat' dir='ltr'>feiodlich</span> <span class='ocrx_word' id='word_1_261' title='bbox 1054 2660 1126 2725; x_wconf 84' lang='lat' dir='ltr'>war&#39;,</span> 
     </span>
     <span class='ocr_line' id='line_1_29' title="bbox 61 2730 1127 2801; baseline -0.004 -19"><span class='ocrx_word' id='word_1_262' title='bbox 61 2734 85 2779; x_wconf 76' lang='lat' dir='ltr'>d</span> <span class='ocrx_word' id='word_1_263' title='bbox 92 2744 185 2797; x_wconf 76' lang='lat' dir='ltr'>graue,</span> <span class='ocrx_word' id='word_1_264' title='bbox 197 2731 264 2797; x_wconf 82' lang='lat' dir='ltr'>quod</span> <span class='ocrx_word' id='word_1_265' title='bbox 273 2748 323 2783; x_wconf 84' lang='lat' dir='ltr'>non</span> <span class='ocrx_word' id='word_1_266' title='bbox 335 2736 388 2783; x_wconf 61' lang='lat' dir='ltr'>nebi</span> <span class='ocrx_word' id='word_1_267' title='bbox 393 2736 502 2799; x_wconf 72' lang='lat' dir='ltr'>corrigio</span> <span class='ocrx_word' id='word_1_268' title='bbox 509 2749 570 2801; x_wconf 79' lang='lat' dir='ltr'>pro·</span> <span class='ocrx_word' id='word_1_269' title='bbox 623 2733 730 2783; x_wconf 89' lang='lat' dir='ltr'>sondern</span> <span class='ocrx_word' id='word_1_270' title='bbox 749 2734 800 2783; x_wconf 80' lang='lat' dir='ltr'>wie</span> <span class='ocrx_word' id='word_1_271' title='bbox 812 2734 840 2783; x_wconf 88' lang='lat' dir='ltr'>B.</span> <span class='ocrx_word' id='word_1_272' title='bbox 853 2730 883 2783; x_wconf 83' lang='lat' dir='ltr'>G.</span> <span class='ocrx_word' id='word_1_273' title='bbox 897 2734 921 2795; x_wconf 83' lang='grc'>1,</span> <span class='ocrx_word' id='word_1_274' title='bbox 934 2733 975 2793; x_wconf 84' lang='lat' dir='ltr'>ob,</span> <span class='ocrx_word' id='word_1_275' title='bbox 990 2731 1017 2780; x_wconf 81' lang='lat'>3:</span> <span class='ocrx_word' id='word_1_276' title='bbox 1035 2737 1127 2779; x_wconf 89' lang='lat' dir='ltr'>strom-</span> 
     </span>
     <span class='ocr_line' id='line_1_30' title="bbox 131 2798 1127 2861; baseline -0.005 -10"><span class='ocrx_word' id='word_1_277' title='bbox 131 2802 137 2813; x_wconf 89' lang='lat'>&#39;</span> <span class='ocrx_word' id='word_1_278' title='bbox 202 2804 232 2851; x_wconf 76' lang='lat' dir='ltr'>et.</span> <span class='ocrx_word' id='word_1_279' title='bbox 622 2800 755 2853; x_wconf 67' lang='lat' dir='ltr'>aufe-sets.</span> <span class='ocrx_word' id='word_1_280' title='bbox 784 2802 820 2851; x_wconf 87' lang='lat' dir='ltr'>Da</span> <span class='ocrx_word' id='word_1_281' title='bbox 839 2798 1127 2861; x_wconf 78' lang='lat' dir='ltr'>auderMiinduugdes</span> 
     </span>
     <span class='ocr_line' id='line_1_31' title="bbox 95 2856 1127 2936; baseline -0.004 -17"><span class='ocrx_word' id='word_1_282' title='bbox 95 2856 150 2919; x_wconf 78' lang='lat'>8⁰.</span> <span class='ocrx_word' id='word_1_283' title='bbox 176 2868 198 2919; x_wconf 93' lang='lat' dir='ltr'>l.</span> <span class='ocrx_word' id='word_1_284' title='bbox 222 2868 420 2933; x_wconf 77' lang='lat' dir='ltr'>secuudunrcas,</span> <span class='ocrx_word' id='word_1_285' title='bbox 435 2870 569 2921; x_wconf 84' lang='lat' dir='ltr'>derRich-</span> <span class='ocrx_word' id='word_1_286' title='bbox 622 2870 705 2936; x_wconf 81' lang='lat' dir='ltr'>Apsus</span> <span class='ocrx_word' id='word_1_287' title='bbox 715 2868 906 2920; x_wconf 81' lang='lat' dir='ltr'>keineFurthen</span> <span class='ocrx_word' id='word_1_288' title='bbox 917 2883 1002 2917; x_wconf 84' lang='lat' dir='ltr'>waren</span> <span class='ocrx_word' id='word_1_289' title='bbox 1014 2867 1127 2916; x_wconf 89' lang='lat' dir='ltr'>undeine</span> 
     </span>
     <span class='ocr_line' id='line_1_32' title="bbox 61 2935 1127 3003; baseline -0.004 -16"><span class='ocrx_word' id='word_1_290' title='bbox 61 2942 125 3001; x_wconf 66' lang='lat' dir='ltr'>tuns</span> <span class='ocrx_word' id='word_1_291' title='bbox 137 2937 186 2988; x_wconf 86' lang='lat' dir='ltr'>der</span> <span class='ocrx_word' id='word_1_292' title='bbox 196 2938 290 2989; x_wconf 78' lang='lat' dir='ltr'>Sebiffe</span> <span class='ocrx_word' id='word_1_293' title='bbox 308 2937 419 3003; x_wconf 77' lang='lat' dir='ltr'>folgend,</span> <span class='ocrx_word' id='word_1_294' title='bbox 435 2940 485 2989; x_wconf 81' lang='lat' dir='ltr'>wie</span> <span class='ocrx_word' id='word_1_295' title='bbox 498 2940 524 2989; x_wconf 89' lang='lat' dir='ltr'>B.</span> <span class='ocrx_word' id='word_1_296' title='bbox 538 2939 568 2990; x_wconf 90' lang='lat' dir='ltr'>G.</span> <span class='ocrx_word' id='word_1_297' title='bbox 623 2938 838 3001; x_wconf 76' lang='lat' dir='ltr'>Ueberbriickung</span> <span class='ocrx_word' id='word_1_298' title='bbox 861 2936 1010 2987; x_wconf 88' lang='lat' dir='ltr'>unthunlich</span> <span class='ocrx_word' id='word_1_299' title='bbox 1031 2935 1127 2995; x_wconf 91' lang='lat' dir='ltr'>schien,</span> 
     </span>
     <span class='ocr_line' id='line_1_33' title="bbox 62 3002 1128 3075; baseline -0.003 -20"><span class='ocrx_word' id='word_1_300' title='bbox 62 3006 87 3070; x_wconf 84' lang='lat'>¹1,</span> <span class='ocrx_word' id='word_1_301' title='bbox 105 3006 149 3071; x_wconf 79' lang='lat'>34,</span> <span class='ocrx_word' id='word_1_302' title='bbox 168 3004 199 3056; x_wconf 76' lang='lat'>2:</span> <span class='ocrx_word' id='word_1_303' title='bbox 217 3005 352 3057; x_wconf 69' lang='lat' dir='ltr'>mudum</span> <span class='ocrx_word' id='word_1_304' title='bbox 365 3008 466 3075; x_wconf 78' lang='lat' dir='ltr'>floruere</span> <span class='ocrx_word' id='word_1_305' title='bbox 480 3007 570 3059; x_wconf 71' lang='lat' dir='ltr'>Elauer·</span> <span class='ocrx_word' id='word_1_306' title='bbox 623 3015 719 3058; x_wconf 87' lang='lat' dir='ltr'>musste</span> <span class='ocrx_word' id='word_1_307' title='bbox 730 3008 817 3071; x_wconf 75' lang='lat' dir='ltr'>Cdsar,</span> <span class='ocrx_word' id='word_1_308' title='bbox 827 3007 917 3057; x_wconf 84' lang='lat' dir='ltr'>desocn</span> <span class='ocrx_word' id='word_1_309' title='bbox 928 3004 1011 3068; x_wconf 79' lang='lat' dir='ltr'>Lager</span> <span class='ocrx_word' id='word_1_310' title='bbox 1020 3002 1066 3053; x_wconf 84' lang='lat' dir='ltr'>auf</span> <span class='ocrx_word' id='word_1_311' title='bbox 1072 3005 1128 3053; x_wconf 88' lang='lat' dir='ltr'>dem</span> 
     </span>
     <span class='ocr_line' id='line_1_34' title="bbox 60 3072 1134 3139; baseline -0.002 -14"><span class='ocrx_word' id='word_1_312' title='bbox 60 3095 78 3117; x_wconf 94' lang='lat'>=</span> <span class='ocrx_word' id='word_1_313' title='bbox 89 3074 173 3139; x_wconf 73' lang='lat' dir='ltr'>iliugs.</span> <span class='ocrx_word' id='word_1_314' title='bbox 623 3077 756 3128; x_wconf 87' lang='lat' dir='ltr'>siidlichen</span> <span class='ocrx_word' id='word_1_315' title='bbox 774 3075 879 3139; x_wconf 82' lang='lat' dir='ltr'>(iinken)</span> <span class='ocrx_word' id='word_1_316' title='bbox 900 3072 961 3125; x_wconf 82' lang='lat' dir='ltr'>Uier</span> <span class='ocrx_word' id='word_1_317' title='bbox 982 3074 1026 3123; x_wconf 89' lang='lat' dir='ltr'>des</span> <span class='ocrx_word' id='word_1_318' title='bbox 1044 3072 1134 3139; x_wconf 78' lang='lat' dir='ltr'>Apsus</span> 
     </span>
     <span class='ocr_line' id='line_1_35' title="bbox 97 3142 1128 3212; baseline -0.004 -17"><span class='ocrx_word' id='word_1_319' title='bbox 97 3142 150 3195; x_wconf 83' lang='lat' dir='ltr'>2u.</span> <span class='ocrx_word' id='word_1_320' title='bbox 164 3143 189 3195; x_wconf 84' lang='lat'>3.</span> <span class='ocrx_word' id='word_1_321' title='bbox 212 3145 297 3208; x_wconf 75' lang='lat' dir='ltr'>arrabo,</span> <span class='ocrx_word' id='word_1_322' title='bbox 316 3152 394 3195; x_wconf 89' lang='lat' dir='ltr'>unten</span> <span class='ocrx_word' id='word_1_323' title='bbox 411 3149 515 3210; x_wconf 84' lang='lat' dir='ltr'>uterque</span> <span class='ocrx_word' id='word_1_324' title='bbox 528 3160 569 3195; x_wconf 84' lang='lat' dir='ltr'>co·</span> <span class='ocrx_word' id='word_1_325' title='bbox 623 3143 1128 3212; x_wconf 72' lang='lat' dir='ltr'>lcg‚eineniiiirweg(circuitosimachen,</span> 
     </span>
     <span class='ocr_line' id='line_1_36' title="bbox 61 3210 1128 3275; baseline -0.005 -12"><span class='ocrx_word' id='word_1_326' title='bbox 61 3228 133 3275; x_wconf 81' lang='lat' dir='ltr'>man,</span> <span class='ocrx_word' id='word_1_327' title='bbox 152 3212 294 3263; x_wconf 75' lang='lat' dir='ltr'>instructis</span> <span class='ocrx_word' id='word_1_328' title='bbox 310 3210 351 3264; x_wconf 81' lang='lat' dir='ltr'>nir</span> <span class='ocrx_word' id='word_1_329' title='bbox 366 3215 414 3264; x_wconf 91' lang='lat' dir='ltr'>den</span> <span class='ocrx_word' id='word_1_330' title='bbox 426 3213 569 3268; x_wconf 82' lang='lat' dir='ltr'>bekannten</span> <span class='ocrx_word' id='word_1_331' title='bbox 622 3216 672 3266; x_wconf 86' lang='lat' dir='ltr'>und</span> <span class='ocrx_word' id='word_1_332' title='bbox 685 3212 889 3266; x_wconf 81' lang='lat' dir='ltr'>stromauiw&#39;drts</span> <span class='ocrx_word' id='word_1_333' title='bbox 901 3213 990 3275; x_wconf 75' lang='lat' dir='ltr'>gehen,</span> <span class='ocrx_word' id='word_1_334' title='bbox 1003 3226 1043 3260; x_wconf 92' lang='lat' dir='ltr'>um</span> <span class='ocrx_word' id='word_1_335' title='bbox 1053 3210 1128 3261; x_wconf 84' lang='lat' dir='ltr'>cinon</span> 
     </span>
     <span class='ocr_line' id='line_1_37' title="bbox 61 3278 1128 3348; baseline -0.006 -15"><span class='ocrx_word' id='word_1_336' title='bbox 61 3280 233 3333; x_wconf 83' lang='lat' dir='ltr'>Unterscbied</span> <span class='ocrx_word' id='word_1_337' title='bbox 245 3281 375 3333; x_wconf 80' lang='lat' dir='ltr'>zwischen</span> <span class='ocrx_word' id='word_1_338' title='bbox 386 3282 478 3333; x_wconf 83' lang='lat' dir='ltr'>beiden</span> <span class='ocrx_word' id='word_1_339' title='bbox 491 3283 569 3334; x_wconf 87' lang='lat' dir='ltr'>Wor-</span> <span class='ocrx_word' id='word_1_340' title='bbox 622 3282 773 3348; x_wconf 80' lang='lat' dir='ltr'>Uebergang</span> <span class='ocrx_word' id='word_1_341' title='bbox 793 3282 839 3333; x_wconf 83' lang='lat' dir='ltr'>auf</span> <span class='ocrx_word' id='word_1_342' title='bbox 851 3283 895 3332; x_wconf 86' lang='lat' dir='ltr'>das</span> <span class='ocrx_word' id='word_1_343' title='bbox 914 3281 1002 3332; x_wconf 88' lang='lat' dir='ltr'>rechte</span> <span class='ocrx_word' id='word_1_344' title='bbox 1018 3278 1081 3330; x_wconf 77' lang='lat' dir='ltr'>Uien</span> <span class='ocrx_word' id='word_1_345' title='bbox 1097 3295 1128 3327; x_wconf 89' lang='lat' dir='ltr'>zu</span> 
     </span>
     <span class='ocr_line' id='line_1_38' title="bbox 61 3347 1129 3419; baseline -0.004 -19"><span class='ocrx_word' id='word_1_346' title='bbox 61 3356 115 3401; x_wconf 84' lang='lat' dir='ltr'>ten.</span> <span class='ocrx_word' id='word_1_347' title='bbox 145 3348 198 3401; x_wconf 82' lang='lat' dir='ltr'>Das</span> <span class='ocrx_word' id='word_1_348' title='bbox 218 3349 346 3402; x_wconf 80' lang='lat' dir='ltr'>diuersa</span> <span class='ocrx_word' id='word_1_349' title='bbox 366 3351 469 3401; x_wconf 78' lang='lat' dir='ltr'>consilia</span> <span class='ocrx_word' id='word_1_350' title='bbox 485 3368 570 3419; x_wconf 80' lang='lat' dir='ltr'>capere</span> <span class='ocrx_word' id='word_1_351' title='bbox 623 3350 991 3417; x_wconf 80' lang='lat' dir='ltr'>tinden‚wiibrendPompeius,</span> <span class='ocrx_word' id='word_1_352' title='bbox 1005 3347 1129 3397; x_wconf 85' lang='lat' dir='ltr'>dernicht</span> 
     </span>
     <span class='ocr_line' id='line_1_39' title="bbox 61 3416 1128 3483; baseline -0.005 -14"><span class='ocrx_word' id='word_1_353' title='bbox 61 3416 129 3469; x_wconf 69' lang='lat' dir='ltr'><strong>kann</strong></span> <span class='ocrx_word' id='word_1_354' title='bbox 151 3417 224 3470; x_wconf 87' lang='lat' dir='ltr'>nicht</span> <span class='ocrx_word' id='word_1_355' title='bbox 244 3434 294 3470; x_wconf 88' lang='lat' dir='ltr'>von</span> <span class='ocrx_word' id='word_1_356' title='bbox 311 3419 396 3483; x_wconf 88' lang='lat' dir='ltr'>jedem</span> <span class='ocrx_word' id='word_1_357' title='bbox 412 3434 461 3469; x_wconf 88' lang='lat' dir='ltr'>von</span> <span class='ocrx_word' id='word_1_358' title='bbox 479 3422 570 3471; x_wconf 87' lang='lat' dir='ltr'>beiden</span> <span class='ocrx_word' id='word_1_359' title='bbox 622 3421 687 3472; x_wconf 87' lang='lat' dir='ltr'>iiber</span> <span class='ocrx_word' id='word_1_360' title='bbox 702 3421 748 3470; x_wconf 93' lang='lat' dir='ltr'>den</span> <span class='ocrx_word' id='word_1_361' title='bbox 763 3420 838 3469; x_wconf 83' lang='lat' dir='ltr'>Fluss</span> <span class='ocrx_word' id='word_1_362' title='bbox 855 3436 886 3468; x_wconf 90' lang='lat' dir='ltr'>zu</span> <span class='ocrx_word' id='word_1_363' title='bbox 904 3419 983 3482; x_wconf 81' lang='lat' dir='ltr'>geben</span> <span class='ocrx_word' id='word_1_364' title='bbox 997 3416 1128 3476; x_wconf 83' lang='lat' dir='ltr'>brouchte,</span> 
     </span>
     <span class='ocr_line' id='line_1_40' title="bbox 62 3484 1127 3553; baseline -0.006 -16"><span class='ocrx_word' id='word_1_365' title='bbox 62 3486 166 3537; x_wconf 78' lang='lat' dir='ltr'>einzeln</span> <span class='ocrx_word' id='word_1_366' title='bbox 180 3490 244 3547; x_wconf 73' lang='lat' dir='ltr'>(was</span> <span class='ocrx_word' id='word_1_367' title='bbox 255 3492 359 3553; x_wconf 64' lang='lat' dir='ltr'>uterm</span> <span class='ocrx_word' id='word_1_368' title='bbox 370 3487 499 3551; x_wconf 81' lang='lat' dir='ltr'>bedeutet)</span> <span class='ocrx_word' id='word_1_369' title='bbox 511 3506 570 3539; x_wconf 87' lang='lat' dir='ltr'>aus·</span> <span class='ocrx_word' id='word_1_370' title='bbox 623 3491 655 3539; x_wconf 87' lang='lat' dir='ltr'>da</span> <span class='ocrx_word' id='word_1_371' title='bbox 672 3488 727 3539; x_wconf 86' lang='lat' dir='ltr'>sein</span> <span class='ocrx_word' id='word_1_372' title='bbox 744 3488 827 3551; x_wconf 76' lang='lat' dir='ltr'>Lager</span> <span class='ocrx_word' id='word_1_373' title='bbox 844 3485 890 3537; x_wconf 84' lang='lat' dir='ltr'>auf</span> <span class='ocrx_word' id='word_1_374' title='bbox 905 3489 960 3536; x_wconf 88' lang='lat' dir='ltr'>dem</span> <span class='ocrx_word' id='word_1_375' title='bbox 980 3484 1127 3533; x_wconf 79' lang='lat' dir='ltr'>ndrdlichen</span> 
     </span>
     <span class='ocr_line' id='line_1_41' title="bbox 60 3550 1128 3622; baseline -0.007 -17"><span class='ocrx_word' id='word_1_376' title='bbox 60 3562 153 3619; x_wconf 69' lang='lat' dir='ltr'>gesagt</span> <span class='ocrx_word' id='word_1_377' title='bbox 161 3556 570 3619; x_wconf 83' lang='lat' dir='ltr'>werden,sondernnurvonbei-</span> <span class='ocrx_word' id='word_1_378' title='bbox 623 3556 686 3608; x_wconf 82' lang='lat' dir='ltr'>User</span> <span class='ocrx_word' id='word_1_379' title='bbox 705 3558 793 3619; x_wconf 89' lang='lat' dir='ltr'>stand,</span> <span class='ocrx_word' id='word_1_380' title='bbox 815 3554 957 3622; x_wconf 73' lang='lat' dir='ltr'>eopcdrtom</span> <span class='ocrx_word' id='word_1_381' title='bbox 970 3556 1020 3602; x_wconf 78' lang='lat' dir='ltr'>iter·</span> <span class='ocrx_word' id='word_1_382' title='bbox 1039 3550 1128 3608; x_wconf 81' lang='lat' dir='ltr'>(durch</span> 
     </span>
     <span class='ocr_line' id='line_1_42' title="bbox 61 3618 1128 3689; baseline -0.007 -16"><span class='ocrx_word' id='word_1_383' title='bbox 61 3624 110 3674; x_wconf 90' lang='lat' dir='ltr'>den</span> <span class='ocrx_word' id='word_1_384' title='bbox 131 3640 276 3675; x_wconf 78' lang='lat' dir='ltr'>zusammen</span> <span class='ocrx_word' id='word_1_385' title='bbox 299 3626 398 3689; x_wconf 74' lang='lat' dir='ltr'>(ambo),</span> <span class='ocrx_word' id='word_1_386' title='bbox 418 3625 487 3675; x_wconf 85' lang='lat' dir='ltr'><strong>wohl</strong></span> <span class='ocrx_word' id='word_1_387' title='bbox 508 3627 570 3676; x_wconf 83' lang='lat' dir='ltr'>uber</span> <span class='ocrx_word' id='word_1_388' title='bbox 622 3626 698 3676; x_wconf 84' lang='lat' dir='ltr'>keine</span> <span class='ocrx_word' id='word_1_389' title='bbox 710 3624 940 3687; x_wconf 78' lang='lat' dir='ltr'>Scbwierigbeiten</span> <span class='ocrx_word' id='word_1_390' title='bbox 955 3618 1128 3684; x_wconf 74' lang='lat' dir='ltr'>ausgehalten)</span> 
     </span>
     <span class='ocr_line' id='line_1_43' title="bbox 61 3690 1128 3757; baseline -0.007 -15"><span class='ocrx_word' id='word_1_391' title='bbox 61 3692 108 3743; x_wconf 81' lang='lat' dir='ltr'>das</span> <span class='ocrx_word' id='word_1_392' title='bbox 125 3694 266 3743; x_wconf 62' lang='lat' dir='ltr'>amatum</span> <span class='ocrx_word' id='word_1_393' title='bbox 284 3692 393 3743; x_wconf 80' lang='lat' dir='ltr'>educere.</span> <span class='ocrx_word' id='word_1_394' title='bbox 419 3692 476 3745; x_wconf 88' lang='lat' dir='ltr'>Liv.</span> <span class='ocrx_word' id='word_1_395' title='bbox 491 3694 532 3752; x_wconf 72' lang='lat'>28,</span> <span class='ocrx_word' id='word_1_396' title='bbox 545 3696 569 3757; x_wconf 87' lang='grc'>9,</span> <span class='ocrx_word' id='word_1_397' title='bbox 622 3696 703 3744; x_wconf 82' lang='lat' dir='ltr'>batte.</span> <span class='ocrx_word' id='word_1_398' title='bbox 722 3722 754 3729; x_wconf 92' lang='lat'>——</span> <span class='ocrx_word' id='word_1_399' title='bbox 771 3695 831 3757; x_wconf 80' lang='lat' dir='ltr'>qeeiu</span> <span class='ocrx_word' id='word_1_400' title='bbox 847 3691 953 3743; x_wconf 86' lang='lat' dir='ltr'>braucbt</span> <span class='ocrx_word' id='word_1_401' title='bbox 966 3690 1128 3739; x_wconf 76' lang='lat' dir='ltr'>C&#39;tisarsonst</span> 
     </span>
     <span class='ocr_line' id='line_1_44' title="bbox 61 3755 1127 3829; baseline -0.008 -18"><span class='ocrx_word' id='word_1_402' title='bbox 61 3760 571 3829; x_wconf 67' lang='lat' dir='ltr'>btnrppie&#39;eutionemuborumucnrineet</span> <span class='ocrx_word' id='word_1_403' title='bbox 624 3763 744 3825; x_wconf 80' lang='lat' dir='ltr'>nirgends</span> <span class='ocrx_word' id='word_1_404' title='bbox 769 3761 878 3823; x_wconf 75' lang='lat' dir='ltr'>(Hirtius</span> <span class='ocrx_word' id='word_1_405' title='bbox 903 3775 951 3808; x_wconf 89' lang='lat' dir='ltr'>nur</span> <span class='ocrx_word' id='word_1_406' title='bbox 971 3762 995 3819; x_wconf 70' lang='lat'>8,</span> <span class='ocrx_word' id='word_1_407' title='bbox 1023 3755 1063 3819; x_wconf 83' lang='lat'>23,</span> <span class='ocrx_word' id='word_1_408' title='bbox 1088 3755 1127 3817; x_wconf 74' lang='grc'>4),</span> 
     </span>
     <span class='ocr_line' id='line_1_45' title="bbox 59 3822 1127 3905; baseline -0.007 -24"><span class='ocrx_word' id='word_1_409' title='bbox 59 3831 190 3899; x_wconf 68' lang='grc' dir='ltr'><strong><em>ἰνήιηιρΙιο</em></strong></span> <span class='ocrx_word' id='word_1_410' title='bbox 208 3832 309 3895; x_wconf 62' lang='lat' dir='ltr'>sinque</span> <span class='ocrx_word' id='word_1_411' title='bbox 323 3829 425 3880; x_wconf 82' lang='lat' dir='ltr'>decreto.</span> <span class='ocrx_word' id='word_1_412' title='bbox 453 3858 482 3866; x_wconf 87' lang='lat'>-</span> <span class='ocrx_word' id='word_1_413' title='bbox 501 3834 571 3881; x_wconf 82' lang='lat' dir='ltr'>uter-</span> <span class='ocrx_word' id='word_1_414' title='bbox 624 3832 808 3881; x_wconf 87' lang='lat' dir='ltr'>dennuntenc.</span> <span class='ocrx_word' id='word_1_415' title='bbox 821 3822 1127 3905; x_wconf 71' lang='lat' dir='ltr'>85,thabendiebesten</span> 
     </span>
     <span class='ocr_line' id='line_1_46' title="bbox 61 3893 1129 4032; baseline -0.007 -15"><span class='ocrx_word' id='word_1_416' title='bbox 61 3913 232 4017; x_wconf 57' lang='lat' dir='ltr'>iiiam</span> <span class='ocrx_word' id='word_1_417' title='bbox 241 3897 396 4032; x_wconf 61' lang='grc'><strong>11111..</strong></span> <span class='ocrx_word' id='word_1_418' title='bbox 413 3897 570 4018; x_wconf 60' lang='lat' dir='ltr'>bibiti</span> <span class='ocrx_word' id='word_1_419' title='bbox 623 3893 1129 4017; x_wconf 63' lang='lat' dir='ltr'>¹1⁸bbb.ttbftbbbt⁰bdb</span> 
     </span>
    </p>
   </div>
   <div class='ocr_carea' id='block_1_5' title="bbox 115 4050 968 4106">
    <p class='ocr_par' dir='ltr' id='par_1_7' title="bbox 115 4050 968 4106">
     <span class='ocr_line' id='line_1_47' title="bbox 115 4050 968 4106; baseline -0.002 -13"><span class='ocrx_word' id='word_1_420' title='bbox 115 4050 198 4095; x_wconf 72' lang='lat' dir='ltr'>Cosam·</span> <span class='ocrx_word' id='word_1_421' title='bbox 210 4050 241 4097; x_wconf 86' lang='lat'>11.</span> <span class='ocrx_word' id='word_1_422' title='bbox 254 4056 275 4095; x_wconf 77' lang='lat'>4.</span> <span class='ocrx_word' id='word_1_423' title='bbox 288 4050 346 4095; x_wconf 71' lang='lat' dir='ltr'>Aust.</span> <span class='ocrx_word' id='word_1_424' title='bbox 935 4050 968 4106; x_wconf 86' lang='lat'>13</span> 
     </span>
    </p>
   </div>
   <div class='ocr_carea' id='block_1_6' title="bbox 0 0 1293 4424">
    <p class='ocr_par' dir='ltr' id='par_1_8' title="bbox 0 0 1293 4424">
     <span class='ocr_line' id='line_1_48' title="bbox 0 0 1293 4424; baseline 0 0"><span class='ocrx_word' id='word_1_425' title='bbox 0 0 1293 4424; x_wconf 95' lang='lat' dir='ltr'> </span> 
     </span>
    </p>
   </div>
  </div>
 </body>
</html>
