2572 4424
134 290 197 353 206
529 283 803 338 nnnnnnocrvnr

134 444 245 507 bellum
261 444 384 504 ductum
399 441 435 502 iri
451 441 622 503 existimans
638 448 668 501 et
684 441 720 500 de
735 440 841 501 Italicis
865 438 1082 501 commeatibus
1099 438 1206 518 despe-

134 548 215 603 rans,
228 529 307 609 quod
321 537 402 589 tanta
415 528 566 606 diligentia
579 527 678 587 ournia
690 526 774 587 litora
787 525 1000 605 aPompeianis
1012 524 1204 595 tenebantur,

134 618 301 695 classesque
322 613 429 693 ipsius,
452 633 525 693 quas
546 613 643 674 hieme
667 612 698 672 in
719 612 831 685 Sicilia,
853 612 957 686 Gallia,
984 611 1067 673 ltalia
1085 611 1204 683 lecerat,

135 701 338 772 morabantur,
360 700 392 759 in
407 699 530 779 Epirum
546 699 589 760 rei
605 698 816 760 frumentariae
834 717 921 760 causa
936 698 970 771 Q.
988 698 1110 759 Tillium
1125 704 1157 759 et
1172 696 1204 757 L.

98 794 115 845 4
136 786 311 848 Canuleium
325 787 454 863 legatum
468 785 557 858 misit,
575 785 713 864 quodque
726 785 780 844 hae
794 784 931 863 regiones
943 783 1068 844 aberant
1079 783 1205 863 longius,

135 874 206 936 locis
214 873 300 933 certis
308 873 413 932 horrea
427 871 583 932 constituit
594 878 791 949 vecturasque
802 869 946 931 frumenti
958 868 1093 930 finitimis
1105 868 1208 931 cirita-

135 959 213 1021 libus
235 957 400 1036 descripsit.
440 958 513 1017 llem
535 957 619 1017 Lisso
641 956 849 1035 Parthinisque
869 964 899 1017 et
920 955 1059 1016 omnibus
1082 953 1206 1017 castellis

99 1052 115 1101 5
133 1044 311 1125 quodenset
330 1043 473 1104 frumenti
494 1042 628 1122 conquiri
650 1041 744 1101 iussit.
786 1042 817 1101 ld
839 1049 902 1102 orat
923 1042 1117 1122 perexiguum
1137 1058 1207 1101 cum

135 1131 229 1211 ipsius
237 1130 297 1208 agri
309 1137 423 1202 natura,
442 1128 523 1207 quod
536 1136 608 1189 sunt
619 1129 683 1188 loca
695 1144 798 1205 aspera
810 1146 844 1188 ac
856 1136 1016 1189 montuosa
1028 1147 1062 1189 ac
1074 1128 1208 1207 plerum-

136 1235 193 1297 que
205 1217 356 1277 frumento
373 1222 499 1275 utuntur
511 1213 680 1293 importata,
696 1220 762 1273 tum
779 1213 859 1292 quod
872 1214 1033 1292 Pompeius
1049 1214 1123 1275 haec
1137 1230 1209 1292 pro-

137 1302 250 1364 viderat
265 1308 294 1361 et
309 1299 514 1380 superioribus
538 1300 641 1361 diebus
663 1299 788 1379 praedae
805 1299 869 1360 loco
891 1299 1049 1359 Parthinos
1064 1298 1208 1360 habuerat

137 1389 385 1465 frumentumque
408 1404 497 1446 omne
522 1385 725 1465 conquisitum
747 1385 877 1463 spoliatis
904 1385 1080 1466 effossisque
1104 1401 1209 1445 eorum

138 1472 277 1535 domibus
293 1490 347 1551 per
362 1472 476 1550 equites
493 1477 703 1550 comportarat.

223 1556 272 1618 43.
296 1557 412 1631 Quibus
434 1557 524 1618 rebus
546 1557 672 1636 cognitis
694 1556 799 1617 Caesar
819 1556 977 1617 consilinm
997 1556 1076 1636 capit
1096 1575 1133 1618 en
1152 1554 1209 1617 loci

137 1652 252 1706 natura.
289 1642 381 1703 Erant
396 1642 475 1703 cuim
494 1643 605 1704 choum
627 1649 722 1703 castra
738 1642 862 1721 Pompei
877 1641 1018 1721 permulti
1033 1642 1106 1703 editi
1120 1650 1210 1723 atque

137 1729 234 1810 asperi
250 1731 346 1790 colles.
371 1728 432 1788 llos
445 1729 576 1808 primum
588 1728 744 1808 praesidiis
757 1729 855 1789 tenuit
873 1727 1049 1809 castellaque
1064 1727 1106 1789 ibi
1126 1746 1211 1789 com-

102 1822 118 1871 2
135 1815 246 1876 munit.
277 1814 358 1887 ludo,
375 1821 409 1876 nt
424 1815 480 1874 loci
496 1815 640 1893 cuiusque
659 1820 764 1874 natura
782 1814 905 1886 ferebat,
927 1833 963 1875 ex
977 1814 1097 1875 castello
1115 1814 1145 1875 in
1162 1832 1211 1875 ca-

141 1902 260 1963 stellum
281 1901 422 1979 perducta
444 1900 611 1961 niunitionc
633 1898 852 1961 circumvallare
874 1899 1051 1979 Pompeium
1073 1899 1212 1973 instituit,

140 1987 214 2047 haec
235 1994 381 2064 spectans,
404 1987 483 2065 quod
500 1992 670 2065 angustare
686 1986 878 2047 frumentaria
900 1985 1049 2059 utebatur,
1069 1986 1212 2066 quodque

142 2072 302 2151 Pompeius
325 2071 516 2132 multitudine
539 2072 674 2152 equitum
700 2072 828 2146 valebat,
856 2090 914 2152 quo
936 2072 1052 2132 minore
1079 2071 1212 2151 periculo

142 2157 275 2237 undique
286 2157 472 2217 frumentum
487 2165 745 2236 commeatumque
759 2158 899 2219 exercitui
913 2164 1090 2237 supportare
1099 2164 1213 2237 posset,

105 2251 121 2301 3
141 2244 240 2316 simul,
257 2242 299 2305 uti
316 2242 505 2321 pullulatione
521 2242 698 2322 Pompeium
716 2243 886 2322 prohiberet
904 2244 1131 2324 equitatumque
1147 2244 1214 2305 eius

105 2340 122 2389 4
142 2329 257 2391 adrem
274 2328 432 2407 gerendam
449 2328 584 2389 inutilem
598 2328 739 2401 efficeret,
756 2329 854 2403 tertio,
871 2339 904 2391 ut
919 2329 1138 2402 auctoritatem,
1154 2347 1214 2410 qua

142 2414 190 2474 ille
206 2415 333 2475 inarime
350 2415 426 2491 allud
445 2421 560 2475 exteras
572 2415 708 2475 nationes
724 2414 778 2475 niti
794 2414 953 2487 ridebatur,
970 2414 1131 2489 minueret,
1143 2432 1213 2476 cum

142 2497 220 2561 fama
235 2518 289 2579 per
304 2499 407 2559 orbem
425 2508 569 2561 terrarum
582 2499 801 2580 percrebuisset
818 2501 899 2562 illum
915 2500 1068 2562 aCaesare
1084 2500 1214 2562 obsideri

143 2603 241 2664 neque
257 2585 367 2647 audere
379 2586 492 2664 proelio
509 2586 657 2647 dimicare.

144 2760 264 2811 slehende
277 2758 347 2810 Inlin.
367 2759 403 2809 ist
415 2760 460 2810 der
473 2760 585 2825 passive,
602 2760 652 2810 wie
706 2758 773 2824 quod
788 2763 855 2810 earet
868 2760 1001 2823 abhiingig.
1020 2786 1052 2797 -
1067 2759 1135 2826 quod
1149 2762 1217 2810 casn

144 2829 186 2879 ihu
213 2829 260 2879 der
286 2829 406 2879 slehende
440 2826 574 2879 Gabraneh
607 2830 653 2879 dor
700 2830 847 2894 srrnnenti:
863 2829 885 2893 l,
899 2828 940 2892 36,
953 2830 976 2878 3.

143 2897 652 2963 Spracheverlangt‚dervorbcrgehcnde
742 2898 765 2947 5.
792 2898 941 2964 effossisque
972 2912 1058 2947 eornm
1087 2896 1217 2949 domabas:

143 2966 229 3015 active
241 2963 286 3015 lus.
300 2967 337 3017 ist
348 2982 396 3015 nur
409 2967 488 3015 durch
500 2966 558 3016 eine
570 2966 653 3016 Nach-
708 2966 880 3028 durchwiihlt3
897 2966 938 3016 dic
958 2965 1114 3017 Einwohner
1128 2966 1217 3018 hatten

143 3032 280 3097 lasstgleit
297 3034 342 3083 des
355 3033 556 3084 Schriltstellers
569 3051 600 3083 zu
613 3049 653 3084 er·
708 3034 749 3083 ihr
765 3030 887 3084 Getreide
901 3035 927 3083 in
942 3035 1015 3085 ihren
1028 3033 1145 3085 illiuscrn
1158 3050 1217 3087 var-

143 3101 243 3163 klliren,
261 3102 307 3151 dar
318 3103 389 3151 irrbet
401 3109 488 3151 sctzeu
502 3104 591 3152 wollto
604 3103 653 3151 und
708 3103 802 3165 graben
815 3104 876 3152 oder
889 3103 915 3151 in
929 3101 1032 3154 Grnbeu
1048 3100 1217 3154 ausbewahrt.

144 3170 192 3220 den
216 3169 365 3232 Uebergang
389 3186 420 3218 zu
447 3172 555 3236 imperat
584 3170 655 3220 nicht
743 3161 988 3237 43·2.ferebut:c.
1005 3172 1218 3237 lu,3;1,5l,t.

145 3238 286 3288 beachtetc.
320 3236 420 3287 llbenso
442 3238 469 3286 B.
486 3236 542 3287 hh.
571 3238 609 3301 ll,
627 3239 653 3288 2:
743 3239 766 3288 3.
797 3239 914 3290 incudem
940 3240 1068 3307 efficeret:
1092 3258 1115 3290 e.
1140 3243 1165 3303 9,
1189 3239 1217 3289 6:

145 3309 253 3373 imperat
270 3321 356 3355 ornnes
372 3305 464 3370 egredi
480 3308 520 3368 (zu
536 3306 655 3357 erlrliircn
709 3308 909 3373 neglegentiores
920 3310 1051 3375 effecisset.

147 3375 210 3426 uach
226 3373 298 3424 Auro.
313 3390 344 3422 zu
358 3374 384 3424 B.
398 3372 428 3424 G.
443 3376 467 3438 7,
485 3375 525 3438 60,
539 3375 564 3439 3)
582 3379 656 3440 atque
743 3377 768 3426 4.
791 3379 1015 3427 etauctoritatem
1034 3405 1052 3413 -
1066 3376 1158 3444 praeeo
1179 3374 1219 3426 ch·-

145 3447 430 3509 moratorem-pectore.
709 3446 811 3494 nrieare.
851 3443 876 3494 S.
898 3462 920 3495 e.
944 3446 985 3510 56,
1006 3447 1030 3496 2.
1071 3444 1097 3494 ln
1121 3444 1218 3495 diesem

180 3512 206 3562 4.
220 3515 346 3562 recturus:
359 3511 655 3576 c.32,l.—deaeribere:
710 3512 787 3562 Sinnc
809 3512 942 3563 Dolabella
962 3513 1004 3564 bei
1021 3513 1073 3563 Cic.
1096 3514 1129 3563 ad
1149 3512 1218 3564 Fam.

147 3579 189 3631 bei
207 3580 279 3631 einer
295 3596 522 3644 vorgcnommeneu
539 3580 656 3630 Einthei-
711 3582 735 3643 tl,
757 3582 785 3644 tl,
803 3580 832 3630 2:
858 3582 1050 3633 Anianudnertis
1077 3580 1121 3632 Cn.
1144 3582 1220 3632 Pom-

140 3648 209 3712 .lung
221 3649 303 3700 ciuem
316 3649 363 3699 deu
376 3647 422 3698 aui
432 3649 474 3698 ilm
493 3650 655 3700 hommenden
707 3651 792 3714 peinne
809 3665 853 3698 nee
868 3652 980 3700 nominoio
997 3653 1051 3713 sni,
1072 3664 1117 3699 nec
1133 3664 1219 3700 rarum

140 3714 224 3771 ,Theil
245 3717 423 3779 zuschrcibeu,
441 3716 589 3768 bestimmen
607 3718 656 3766 und
707 3721 840 3781 gesturam
858 3718 944 3782 gloria
963 3748 981 3755 -
1000 3734 1055 3768 erae
1075 3722 1169 3781 tuturo,
1197 3722 1221 3767 et

149 3785 260 3836 daruach
272 3783 429 3850 aulerlegeu.
448 3785 474 3834 ll.
488 3787 561 3836 Alex.
576 3788 617 3848 51,
629 3786 656 3835 3:
709 3785 755 3835 boc
766 3789 848 3849 eliam,
866 3786 932 3851 quod
941 3787 1032 3852 infimo
1043 3789 1131 3853 cuique
1142 3788 1221 3837 nnat-

139 3858 180 3909 ‚nt
202 3857 324 3920 pecuniae
353 3854 558 3919 describerentur
584 3859 658 3920 utque
708 3856 760 3917 git,
781 3857 831 3904 a'ati
852 3870 901 3904 non
922 3851 993 3921 posse
1015 3858 1170 3921 contingere,
1194 3858 1222 3904 at

150 3925 345 3988 deportarentur.
371 3951 403 3958 -
427 3922 499 3973 Lisso
523 3940 546 3972 o.
571 3939 591 3972 s.
612 3939 658 3972 uz:
712 3924 1037 3992 boneateeffbgorcposat'l,
1047 3924 1123 3989 pulso
1137 3921 1219 3981 Italia,

151 4006 201 4039 von
225 3989 315 4040 Lissus
339 3993 394 4055 her,
418 3992 488 4042 nicht
509 3991 587 4042 Dativ
609 4008 657 4041 von
712 3994 815 4040 ortensis
838 3991 983 4059 Habpnnei'a,
1009 3996 1081 4061 capto
1107 3992 1222 4043 enerviter
