<?xml version="1.0" encoding="UTF-8"?>
<!DOCTYPE html PUBLIC "-//W3C//DTD XHTML 1.0 Transitional//EN"
    "http://www.w3.org/TR/xhtml1/DTD/xhtml1-transitional.dtd">
<html xmlns="http://www.w3.org/1999/xhtml" xml:lang="en" lang="en">
 <head>
  <title>
</title>
<meta http-equiv="Content-Type" content="text/html;charset=utf-8" />
  <meta name='ocr-system' content='tesseract 3.04.00' />
  <meta name='ocr-capabilities' content='ocr_page ocr_carea ocr_par ocr_line ocrx_word'/>
</head>
<body>
  <div class='ocr_page' id='page_1' title='image "./ciuliicaesarisc00krangoog/ciuliicaesarisc00krangoog_0283.png"; bbox 0 0 2572 4424; ppageno 0'>
   <div class='ocr_carea' id='block_1_1' title="bbox 117 252 1223 2206">
    <p class='ocr_par' dir='ltr' id='par_1_1' title="bbox 126 252 1220 578">
     <span class='ocr_line' id='line_1_1' title="bbox 156 252 828 322; baseline 0 -16"><span class='ocrx_word' id='word_1_1' title='bbox 156 261 219 322; x_wconf 78' lang='lat'>264·</span> <span class='ocrx_word' id='word_1_2' title='bbox 556 253 719 313; x_wconf 76' lang='lat' dir='ltr'>unomen</span> <span class='ocrx_word' id='word_1_3' title='bbox 731 252 828 306; x_wconf 80' lang='lat' dir='ltr'>nvrnr</span> 
     </span>
     <span class='ocr_line' id='line_1_2' title="bbox 126 409 1220 495; baseline -0.005 -20"><span class='ocrx_word' id='word_1_4' title='bbox 126 491 128 495; x_wconf 11' lang='lat' dir='ltr'>y</span> <span class='ocrx_word' id='word_1_5' title='bbox 155 413 331 494; x_wconf 81' lang='lat' dir='ltr'>Pompeium</span> <span class='ocrx_word' id='word_1_6' title='bbox 345 420 416 473; x_wconf 87' lang='lat' dir='ltr'>sunt</span> <span class='ocrx_word' id='word_1_7' title='bbox 427 411 602 489; x_wconf 75' lang='lat' dir='ltr'><strong>depositae),</strong></span> <span class='ocrx_word' id='word_1_8' title='bbox 618 411 725 471; x_wconf 75' lang='lat' dir='ltr'>alterae</span> <span class='ocrx_word' id='word_1_9' title='bbox 735 410 841 471; x_wconf 87' lang='lat' dir='ltr'>eodem</span> <span class='ocrx_word' id='word_1_10' title='bbox 853 410 989 490; x_wconf 85' lang='lat' dir='ltr'>exemplo</span> <span class='ocrx_word' id='word_1_11' title='bbox 999 409 1120 471; x_wconf 84' lang='lat' dir='ltr'>relictae</span> <span class='ocrx_word' id='word_1_12' title='bbox 1131 417 1220 490; x_wconf 86' lang='lat' dir='ltr'>atque</span> 
     </span>
     <span class='ocr_line' id='line_1_3' title="bbox 155 496 788 578; baseline -0.008 -17"><span class='ocrx_word' id='word_1_13' title='bbox 155 499 325 578; x_wconf 79' lang='lat' dir='ltr'><strong>obsignatae</strong></span> <span class='ocrx_word' id='word_1_14' title='bbox 341 496 533 558; x_wconf 79' lang='lat' dir='ltr'>Alexandriae</span> <span class='ocrx_word' id='word_1_15' title='bbox 548 496 788 575; x_wconf 83' lang='lat' dir='ltr'>proferebantur.</span> 
     </span>
    </p>

    <p class='ocr_par' dir='ltr' id='par_1_2' title="bbox 155 580 1221 834">
     <span class='ocr_line' id='line_1_4' title="bbox 243 580 1221 661; baseline -0.003 -16"><span class='ocrx_word' id='word_1_16' title='bbox 243 583 313 645; x_wconf 83' lang='lat'><strong>109.</strong></span> <span class='ocrx_word' id='word_1_17' title='bbox 327 583 370 644; x_wconf 85' lang='lat' dir='ltr'>lle</span> <span class='ocrx_word' id='word_1_18' title='bbox 385 582 431 642; x_wconf 91' lang='lat' dir='ltr'>his</span> <span class='ocrx_word' id='word_1_19' title='bbox 445 580 536 643; x_wconf 87' lang='lat' dir='ltr'>rebus</span> <span class='ocrx_word' id='word_1_20' title='bbox 550 600 621 644; x_wconf 89' lang='lat' dir='ltr'>eum</span> <span class='ocrx_word' id='word_1_21' title='bbox 631 587 771 661; x_wconf 77' lang='lat' dir='ltr'>ageretur</span> <span class='ocrx_word' id='word_1_22' title='bbox 781 584 861 661; x_wconf 88' lang='lat' dir='ltr'>apud</span> <span class='ocrx_word' id='word_1_23' title='bbox 873 581 1038 655; x_wconf 86' lang='lat' dir='ltr'>Caesarem,</span> <span class='ocrx_word' id='word_1_24' title='bbox 1053 581 1142 661; x_wconf 88' lang='lat' dir='ltr'>isque</span> <span class='ocrx_word' id='word_1_25' title='bbox 1156 599 1221 642; x_wconf 89' lang='lat' dir='ltr'>ma-</span> 
     </span>
     <span class='ocr_line' id='line_1_5' title="bbox 155 667 1220 748; baseline -0.005 -16"><span class='ocrx_word' id='word_1_26' title='bbox 155 671 233 732; x_wconf 88' lang='lat' dir='ltr'>xime</span> <span class='ocrx_word' id='word_1_27' title='bbox 239 670 327 730; x_wconf 76' lang='lat' dir='ltr'>vellet</span> <span class='ocrx_word' id='word_1_28' title='bbox 334 686 388 748; x_wconf 89' lang='lat' dir='ltr'>pro</span> <span class='ocrx_word' id='word_1_29' title='bbox 395 669 548 730; x_wconf 85' lang='lat' dir='ltr'>communi</span> <span class='ocrx_word' id='word_1_30' title='bbox 560 669 655 729; x_wconf 89' lang='lat' dir='ltr'>amieo</span> <span class='ocrx_word' id='word_1_31' title='bbox 667 675 757 748; x_wconf 91' lang='lat' dir='ltr'>atque</span> <span class='ocrx_word' id='word_1_32' title='bbox 767 667 879 729; x_wconf 89' lang='lat' dir='ltr'>arbitro</span> <span class='ocrx_word' id='word_1_33' title='bbox 887 667 1104 729; x_wconf 81' lang='lat' dir='ltr'>controversias</span> <span class='ocrx_word' id='word_1_34' title='bbox 1115 685 1220 745; x_wconf 81' lang='lat' dir='ltr'>regum</span> 
     </span>
     <span class='ocr_line' id='line_1_6' title="bbox 155 752 1220 834; baseline -0.006 -16"><span class='ocrx_word' id='word_1_35' title='bbox 155 773 343 834; x_wconf 84' lang='lat' dir='ltr'>componere,</span> <span class='ocrx_word' id='word_1_36' title='bbox 364 754 463 815; x_wconf 86' lang='lat' dir='ltr'>subito</span> <span class='ocrx_word' id='word_1_37' title='bbox 484 754 631 815; x_wconf 83' lang='lat' dir='ltr'>exercitus</span> <span class='ocrx_word' id='word_1_38' title='bbox 646 753 747 832; x_wconf 82' lang='lat' dir='ltr'>regins</span> <span class='ocrx_word' id='word_1_39' title='bbox 769 754 979 834; x_wconf 73' lang='lat' dir='ltr'>equitatusque</span> <span class='ocrx_word' id='word_1_40' title='bbox 999 752 1098 815; x_wconf 88' lang='lat' dir='ltr'>omnis</span> <span class='ocrx_word' id='word_1_41' title='bbox 1119 752 1220 813; x_wconf 82' lang='lat' dir='ltr'>venire</span> 
     </span>
    </p>

    <p class='ocr_par' dir='ltr' id='par_1_3' title="bbox 118 839 1222 1091">
     <span class='ocr_line' id='line_1_7' title="bbox 118 839 1221 920; baseline 0 -21"><span class='ocrx_word' id='word_1_42' title='bbox 118 849 133 899; x_wconf 83' lang='lat'><strong>2</strong></span> <span class='ocrx_word' id='word_1_43' title='bbox 155 841 360 903; x_wconf 74' lang='lat' dir='ltr'>Alexandriam</span> <span class='ocrx_word' id='word_1_44' title='bbox 373 840 537 902; x_wconf 86' lang='lat' dir='ltr'>nuntiatur.</span> <span class='ocrx_word' id='word_1_45' title='bbox 560 839 692 901; x_wconf 81' lang='lat' dir='ltr'>Caesaris</span> <span class='ocrx_word' id='word_1_46' title='bbox 703 839 804 920; x_wconf 88' lang='lat' dir='ltr'>copiae</span> <span class='ocrx_word' id='word_1_47' title='bbox 814 858 1003 920; x_wconf 88' lang='lat' dir='ltr'>nequaquam</span> <span class='ocrx_word' id='word_1_48' title='bbox 1015 846 1101 901; x_wconf 89' lang='lat' dir='ltr'>erant</span> <span class='ocrx_word' id='word_1_49' title='bbox 1112 845 1221 911; x_wconf 75' lang='lat' dir='ltr'>motae,</span> 
     </span>
     <span class='ocr_line' id='line_1_8' title="bbox 155 924 1222 1006; baseline -0.003 -18"><span class='ocrx_word' id='word_1_50' title='bbox 155 935 189 988; x_wconf 89' lang='lat' dir='ltr'>ut</span> <span class='ocrx_word' id='word_1_51' title='bbox 200 927 252 1000; x_wconf 86' lang='lat' dir='ltr'>eis,</span> <span class='ocrx_word' id='word_1_52' title='bbox 266 935 346 988; x_wconf 83' lang='lat' dir='ltr'>extra</span> <span class='ocrx_word' id='word_1_53' title='bbox 358 926 500 1006; x_wconf 85' lang='lat' dir='ltr'>oppidum</span> <span class='ocrx_word' id='word_1_54' title='bbox 512 927 538 986; x_wconf 91' lang='lat' dir='ltr'>si</span> <span class='ocrx_word' id='word_1_55' title='bbox 548 935 628 986; x_wconf 85' lang='lat' dir='ltr'>esset</span> <span class='ocrx_word' id='word_1_56' title='bbox 638 925 849 999; x_wconf 81' lang='lat' dir='ltr'>dimicandum,</span> <span class='ocrx_word' id='word_1_57' title='bbox 862 926 1032 988; x_wconf 82' lang='lat' dir='ltr'>confideret.</span> <span class='ocrx_word' id='word_1_58' title='bbox 1060 924 1222 1003; x_wconf 71' lang='lat' dir='ltr'>Relinque-</span> 
     </span>
     <span class='ocr_line' id='line_1_9' title="bbox 155 1010 1222 1091; baseline -0.004 -17"><span class='ocrx_word' id='word_1_59' title='bbox 155 1014 249 1085; x_wconf 82' lang='lat' dir='ltr'>batur,</span> <span class='ocrx_word' id='word_1_60' title='bbox 267 1021 301 1073; x_wconf 88' lang='lat' dir='ltr'>ut</span> <span class='ocrx_word' id='word_1_61' title='bbox 316 1031 348 1072; x_wconf 91' lang='lat' dir='ltr'>se</span> <span class='ocrx_word' id='word_1_62' title='bbox 363 1012 426 1072; x_wconf 90' lang='lat' dir='ltr'>suis</span> <span class='ocrx_word' id='word_1_63' title='bbox 441 1012 513 1072; x_wconf 88' lang='lat' dir='ltr'>loeis</span> <span class='ocrx_word' id='word_1_64' title='bbox 529 1012 637 1091; x_wconf 85' lang='lat' dir='ltr'>oppido</span> <span class='ocrx_word' id='word_1_65' title='bbox 658 1019 775 1073; x_wconf 88' lang='lat' dir='ltr'>teneret</span> <span class='ocrx_word' id='word_1_66' title='bbox 794 1011 1013 1090; x_wconf 79' lang='lat' dir='ltr'>consiliumque</span> <span class='ocrx_word' id='word_1_67' title='bbox 1027 1010 1155 1071; x_wconf 75' lang='lat' dir='ltr'>Achillae</span> <span class='ocrx_word' id='word_1_68' title='bbox 1171 1030 1222 1071; x_wconf 88' lang='lat' dir='ltr'>eo-</span> 
     </span>
    </p>

    <p class='ocr_par' dir='ltr' id='par_1_4' title="bbox 118 1096 1222 1349">
     <span class='ocr_line' id='line_1_10' title="bbox 118 1096 1220 1178; baseline -0.006 -14"><span class='ocrx_word' id='word_1_69' title='bbox 118 1114 133 1164; x_wconf 82' lang='lat'><strong>3</strong></span> <span class='ocrx_word' id='word_1_70' title='bbox 154 1106 318 1178; x_wconf 81' lang='lat' dir='ltr'>gnosceret.</span> <span class='ocrx_word' id='word_1_71' title='bbox 354 1098 460 1158; x_wconf 84' lang='lat' dir='ltr'>Milites</span> <span class='ocrx_word' id='word_1_72' title='bbox 476 1107 577 1159; x_wconf 89' lang='lat' dir='ltr'>tamen</span> <span class='ocrx_word' id='word_1_73' title='bbox 592 1115 698 1158; x_wconf 87' lang='lat' dir='ltr'>omnes</span> <span class='ocrx_word' id='word_1_74' title='bbox 718 1097 750 1157; x_wconf 91' lang='lat' dir='ltr'>in</span> <span class='ocrx_word' id='word_1_75' title='bbox 764 1099 855 1158; x_wconf 88' lang='lat' dir='ltr'>armis</span> <span class='ocrx_word' id='word_1_76' title='bbox 870 1116 936 1158; x_wconf 88' lang='lat' dir='ltr'>esse</span> <span class='ocrx_word' id='word_1_77' title='bbox 949 1096 1037 1158; x_wconf 88' lang='lat' dir='ltr'>iussit</span> <span class='ocrx_word' id='word_1_78' title='bbox 1057 1115 1220 1174; x_wconf 84' lang='lat' dir='ltr'>regemque</span> 
     </span>
     <span class='ocr_line' id='line_1_11' title="bbox 153 1182 1222 1262; baseline -0.002 -18"><span class='ocrx_word' id='word_1_79' title='bbox 153 1185 289 1246; x_wconf 82' lang='lat' dir='ltr'>hortatus</span> <span class='ocrx_word' id='word_1_80' title='bbox 304 1192 358 1256; x_wconf 85' lang='lat' dir='ltr'>est,</span> <span class='ocrx_word' id='word_1_81' title='bbox 374 1192 409 1245; x_wconf 91' lang='lat' dir='ltr'>ut</span> <span class='ocrx_word' id='word_1_82' title='bbox 420 1203 455 1244; x_wconf 85' lang='lat' dir='ltr'>er</span> <span class='ocrx_word' id='word_1_83' title='bbox 467 1182 530 1244; x_wconf 87' lang='lat' dir='ltr'>suis</span> <span class='ocrx_word' id='word_1_84' title='bbox 542 1182 726 1256; x_wconf 84' lang='lat' dir='ltr'>necessariis,</span> <span class='ocrx_word' id='word_1_85' title='bbox 742 1202 817 1262; x_wconf 89' lang='lat' dir='ltr'>quos</span> <span class='ocrx_word' id='word_1_86' title='bbox 830 1183 952 1244; x_wconf 89' lang='lat' dir='ltr'>haheret</span> <span class='ocrx_word' id='word_1_87' title='bbox 962 1182 1106 1243; x_wconf 72' lang='lat' dir='ltr'>marinae</span> <span class='ocrx_word' id='word_1_88' title='bbox 1117 1189 1222 1242; x_wconf 89' lang='lat' dir='ltr'>aucto-</span> 
     </span>
     <span class='ocr_line' id='line_1_12' title="bbox 155 1267 1219 1349; baseline -0.002 -19"><span class='ocrx_word' id='word_1_89' title='bbox 155 1268 250 1330; x_wconf 90' lang='lat' dir='ltr'>ritatis</span> <span class='ocrx_word' id='word_1_90' title='bbox 264 1269 373 1347; x_wconf 81' lang='lat' dir='ltr'>legatos</span> <span class='ocrx_word' id='word_1_91' title='bbox 388 1269 423 1329; x_wconf 93' lang='lat' dir='ltr'>ad</span> <span class='ocrx_word' id='word_1_92' title='bbox 435 1269 577 1329; x_wconf 89' lang='lat' dir='ltr'>Achillam</span> <span class='ocrx_word' id='word_1_93' title='bbox 590 1269 723 1329; x_wconf 87' lang='lat' dir='ltr'>mitteret</span> <span class='ocrx_word' id='word_1_94' title='bbox 734 1277 774 1342; x_wconf 90' lang='lat' dir='ltr'>et,</span> <span class='ocrx_word' id='word_1_95' title='bbox 790 1269 861 1349; x_wconf 87' lang='lat' dir='ltr'>qnid</span> <span class='ocrx_word' id='word_1_96' title='bbox 872 1277 953 1329; x_wconf 88' lang='lat' dir='ltr'>esset</span> <span class='ocrx_word' id='word_1_97' title='bbox 964 1288 1036 1329; x_wconf 90' lang='lat' dir='ltr'>suae</span> <span class='ocrx_word' id='word_1_98' title='bbox 1048 1267 1219 1341; x_wconf 83' lang='lat' dir='ltr'>voluntatis,</span> 
     </span>
    </p>

    <p class='ocr_par' dir='ltr' id='par_1_5' title="bbox 117 1352 1222 1519">
     <span class='ocr_line' id='line_1_13' title="bbox 117 1352 1221 1433; baseline -0.001 -18"><span class='ocrx_word' id='word_1_99' title='bbox 117 1367 134 1415; x_wconf 79' lang='grc'><strong>4</strong></span> <span class='ocrx_word' id='word_1_100' title='bbox 154 1354 335 1416; x_wconf 86' lang='lat' dir='ltr'>ostenderet.</span> <span class='ocrx_word' id='word_1_101' title='bbox 370 1355 395 1414; x_wconf 87' lang='lat' dir='ltr'>A</span> <span class='ocrx_word' id='word_1_102' title='bbox 410 1373 470 1433; x_wconf 88' lang='lat' dir='ltr'>qno</span> <span class='ocrx_word' id='word_1_103' title='bbox 483 1354 566 1415; x_wconf 88' lang='lat' dir='ltr'>missi</span> <span class='ocrx_word' id='word_1_104' title='bbox 583 1352 769 1414; x_wconf 82' lang='lat' dir='ltr'>Dioscorides</span> <span class='ocrx_word' id='word_1_105' title='bbox 784 1362 815 1414; x_wconf 92' lang='lat' dir='ltr'>et</span> <span class='ocrx_word' id='word_1_106' title='bbox 830 1353 984 1433; x_wconf 87' lang='lat' dir='ltr'>Serapion,</span> <span class='ocrx_word' id='word_1_107' title='bbox 1006 1353 1057 1433; x_wconf 89' lang='lat' dir='ltr'>qni</span> <span class='ocrx_word' id='word_1_108' title='bbox 1072 1353 1161 1414; x_wconf 89' lang='lat' dir='ltr'>ambo</span> <span class='ocrx_word' id='word_1_109' title='bbox 1176 1354 1221 1414; x_wconf 92' lang='lat' dir='ltr'>le-</span> 
     </span>
     <span class='ocr_line' id='line_1_14' title="bbox 155 1439 1222 1519; baseline -0.002 -18"><span class='ocrx_word' id='word_1_110' title='bbox 155 1440 332 1518; x_wconf 79' lang='lat' dir='ltr'>gatillomae</span> <span class='ocrx_word' id='word_1_111' title='bbox 344 1439 464 1501; x_wconf 81' lang='lat' dir='ltr'>fuerant</span> <span class='ocrx_word' id='word_1_112' title='bbox 476 1458 673 1519; x_wconf 80' lang='lat' dir='ltr'>magnamque</span> <span class='ocrx_word' id='word_1_113' title='bbox 685 1440 764 1519; x_wconf 87' lang='lat' dir='ltr'>apud</span> <span class='ocrx_word' id='word_1_114' title='bbox 776 1446 890 1518; x_wconf 76' lang='lat' dir='ltr'>pahein</span> <span class='ocrx_word' id='word_1_115' title='bbox 903 1439 1106 1500; x_wconf 88' lang='lat' dir='ltr'>Ptolemaeum</span> <span class='ocrx_word' id='word_1_116' title='bbox 1117 1446 1222 1501; x_wconf 88' lang='lat' dir='ltr'>aucto·</span> 
     </span>
    </p>

    <p class='ocr_par' dir='ltr' id='par_1_6' title="bbox 118 1523 1221 1776">
     <span class='ocr_line' id='line_1_15' title="bbox 118 1523 1221 1604; baseline 0.001 -19"><span class='ocrx_word' id='word_1_117' title='bbox 118 1544 133 1592; x_wconf 78' lang='lat' dir='ltr'>s</span> <span class='ocrx_word' id='word_1_118' title='bbox 154 1525 273 1586; x_wconf 85' lang='lat' dir='ltr'>ritatem</span> <span class='ocrx_word' id='word_1_119' title='bbox 289 1523 464 1597; x_wconf 83' lang='lat' dir='ltr'>habuerant,</span> <span class='ocrx_word' id='word_1_120' title='bbox 481 1525 516 1586; x_wconf 93' lang='lat' dir='ltr'>ad</span> <span class='ocrx_word' id='word_1_121' title='bbox 532 1525 675 1587; x_wconf 82' lang='lat' dir='ltr'>Achillam</span> <span class='ocrx_word' id='word_1_122' title='bbox 689 1534 898 1604; x_wconf 86' lang='lat' dir='ltr'>pervenerunt.</span> <span class='ocrx_word' id='word_1_123' title='bbox 934 1525 1017 1598; x_wconf 84' lang='lat' dir='ltr'>Quos</span> <span class='ocrx_word' id='word_1_124' title='bbox 1031 1525 1089 1599; x_wconf 88' lang='lat' dir='ltr'>ille,</span> <span class='ocrx_word' id='word_1_125' title='bbox 1105 1536 1174 1586; x_wconf 88' lang='lat' dir='ltr'>cum</span> <span class='ocrx_word' id='word_1_126' title='bbox 1190 1525 1221 1586; x_wconf 92' lang='lat' dir='ltr'>in</span> 
     </span>
     <span class='ocr_line' id='line_1_16' title="bbox 155 1610 1220 1690; baseline 0 -18"><span class='ocrx_word' id='word_1_127' title='bbox 155 1620 349 1690; x_wconf 86' lang='lat' dir='ltr'>conspectum</span> <span class='ocrx_word' id='word_1_128' title='bbox 355 1611 419 1672; x_wconf 88' lang='lat' dir='ltr'>eius</span> <span class='ocrx_word' id='word_1_129' title='bbox 432 1611 773 1690; x_wconf 88' lang='lat' dir='ltr'>venissent‚priusqnam</span> <span class='ocrx_word' id='word_1_130' title='bbox 781 1611 898 1673; x_wconf 84' lang='lat' dir='ltr'>audiret</span> <span class='ocrx_word' id='word_1_131' title='bbox 908 1619 969 1685; x_wconf 71' lang='lat' dir='ltr'>aot,</span> <span class='ocrx_word' id='word_1_132' title='bbox 981 1611 1066 1672; x_wconf 87' lang='lat' dir='ltr'>euius</span> <span class='ocrx_word' id='word_1_133' title='bbox 1076 1610 1120 1671; x_wconf 92' lang='lat' dir='ltr'>rei</span> <span class='ocrx_word' id='word_1_134' title='bbox 1133 1629 1220 1672; x_wconf 85' lang='lat' dir='ltr'>causa</span> 
     </span>
     <span class='ocr_line' id='line_1_17' title="bbox 155 1691 1220 1776; baseline 0.001 -19"><span class='ocrx_word' id='word_1_135' title='bbox 155 1696 237 1758; x_wconf 86' lang='lat' dir='ltr'>missi</span> <span class='ocrx_word' id='word_1_136' title='bbox 253 1703 365 1771; x_wconf 72' lang='lat' dir='ltr'>essent,</span> <span class='ocrx_word' id='word_1_137' title='bbox 381 1706 580 1776; x_wconf 83' lang='lat' dir='ltr'>cognosceret,</span> <span class='ocrx_word' id='word_1_138' title='bbox 603 1696 709 1776; x_wconf 85' lang='lat' dir='ltr'>corripi</span> <span class='ocrx_word' id='word_1_139' title='bbox 725 1704 814 1776; x_wconf 89' lang='lat' dir='ltr'>atque</span> <span class='ocrx_word' id='word_1_140' title='bbox 829 1691 955 1758; x_wconf 85' lang='lat' dir='ltr'>interfici</span> <span class='ocrx_word' id='word_1_141' title='bbox 969 1696 1070 1769; x_wconf 79' lang='lat' dir='ltr'>iussit3</span> <span class='ocrx_word' id='word_1_142' title='bbox 1090 1715 1220 1776; x_wconf 91' lang='lat' dir='ltr'>qnorum</span> 
     </span>
    </p>

    <p class='ocr_par' dir='ltr' id='par_1_7' title="bbox 118 1782 1223 2121">
     <span class='ocr_line' id='line_1_18' title="bbox 118 1782 1220 1863; baseline 0.003 -22"><span class='ocrx_word' id='word_1_143' title='bbox 118 1790 134 1841; x_wconf 84' lang='lat'><strong>6</strong></span> <span class='ocrx_word' id='word_1_144' title='bbox 154 1783 228 1844; x_wconf 86' lang='lat' dir='ltr'>alter</span> <span class='ocrx_word' id='word_1_145' title='bbox 246 1789 368 1862; x_wconf 78' lang='lat' dir='ltr'>accepto</span> <span class='ocrx_word' id='word_1_146' title='bbox 389 1783 513 1844; x_wconf 82' lang='lat' dir='ltr'>vulnere</span> <span class='ocrx_word' id='word_1_147' title='bbox 540 1790 700 1863; x_wconf 87' lang='lat' dir='ltr'>occupatus</span> <span class='ocrx_word' id='word_1_148' title='bbox 720 1802 774 1863; x_wconf 87' lang='lat' dir='ltr'>per</span> <span class='ocrx_word' id='word_1_149' title='bbox 787 1801 859 1844; x_wconf 87' lang='lat' dir='ltr'>suos</span> <span class='ocrx_word' id='word_1_150' title='bbox 880 1801 935 1862; x_wconf 86' lang='lat' dir='ltr'>pro</span> <span class='ocrx_word' id='word_1_151' title='bbox 955 1782 1054 1844; x_wconf 87' lang='lat' dir='ltr'>occiso</span> <span class='ocrx_word' id='word_1_152' title='bbox 1074 1782 1220 1855; x_wconf 88' lang='lat' dir='ltr'>sublatus,</span> 
     </span>
     <span class='ocr_line' id='line_1_19' title="bbox 154 1868 1220 1948; baseline -0.001 -19"><span class='ocrx_word' id='word_1_153' title='bbox 154 1869 229 1929; x_wconf 90' lang='lat' dir='ltr'>alter</span> <span class='ocrx_word' id='word_1_154' title='bbox 240 1868 416 1930; x_wconf 83' lang='lat' dir='ltr'>interfectos</span> <span class='ocrx_word' id='word_1_155' title='bbox 429 1878 482 1929; x_wconf 84' lang='lat' dir='ltr'>est.</span> <span class='ocrx_word' id='word_1_156' title='bbox 504 1870 570 1942; x_wconf 82' lang='lat' dir='ltr'>Quo</span> <span class='ocrx_word' id='word_1_157' title='bbox 578 1869 655 1930; x_wconf 87' lang='lat' dir='ltr'>laeto</span> <span class='ocrx_word' id='word_1_158' title='bbox 663 1887 763 1948; x_wconf 81' lang='lat' dir='ltr'>regem</span> <span class='ocrx_word' id='word_1_159' title='bbox 773 1877 806 1929; x_wconf 90' lang='lat' dir='ltr'>ut</span> <span class='ocrx_word' id='word_1_160' title='bbox 816 1868 848 1928; x_wconf 91' lang='lat' dir='ltr'>in</span> <span class='ocrx_word' id='word_1_161' title='bbox 860 1887 914 1930; x_wconf 89' lang='lat' dir='ltr'>sna</span> <span class='ocrx_word' id='word_1_162' title='bbox 925 1876 1073 1948; x_wconf 87' lang='lat' dir='ltr'>potestate</span> <span class='ocrx_word' id='word_1_163' title='bbox 1085 1868 1220 1939; x_wconf 86' lang='lat' dir='ltr'>haberet,</span> 
     </span>
     <span class='ocr_line' id='line_1_20' title="bbox 156 1953 1223 2034; baseline 0.001 -19"><span class='ocrx_word' id='word_1_164' title='bbox 156 1955 263 2015; x_wconf 78' lang='lat' dir='ltr'>Caesar</span> <span class='ocrx_word' id='word_1_165' title='bbox 275 1955 364 2015; x_wconf 86' lang='lat' dir='ltr'>efficit</span> <span class='ocrx_word' id='word_1_166' title='bbox 376 1973 511 2033; x_wconf 84' lang='lat' dir='ltr'>magnam</span> <span class='ocrx_word' id='word_1_167' title='bbox 522 1955 640 2034; x_wconf 83' lang='lat' dir='ltr'>regium</span> <span class='ocrx_word' id='word_1_168' title='bbox 651 1972 762 2026; x_wconf 79' lang='lat' dir='ltr'>nomen</span> <span class='ocrx_word' id='word_1_169' title='bbox 774 1956 852 2034; x_wconf 89' lang='lat' dir='ltr'>apud</span> <span class='ocrx_word' id='word_1_170' title='bbox 864 1974 936 2016; x_wconf 90' lang='lat' dir='ltr'>suos</span> <span class='ocrx_word' id='word_1_171' title='bbox 948 1953 1155 2016; x_wconf 83' lang='lat' dir='ltr'>auctoritatem</span> <span class='ocrx_word' id='word_1_172' title='bbox 1168 1955 1223 2016; x_wconf 91' lang='lat' dir='ltr'>ha-</span> 
     </span>
     <span class='ocr_line' id='line_1_21' title="bbox 154 2040 1221 2121; baseline 0.002 -22"><span class='ocrx_word' id='word_1_173' title='bbox 154 2040 226 2101; x_wconf 92' lang='lat' dir='ltr'>here</span> <span class='ocrx_word' id='word_1_174' title='bbox 238 2040 410 2102; x_wconf 80' lang='lat' dir='ltr'>existimans</span> <span class='ocrx_word' id='word_1_175' title='bbox 422 2049 453 2100; x_wconf 88' lang='lat' dir='ltr'>et</span> <span class='ocrx_word' id='word_1_176' title='bbox 465 2050 498 2102; x_wconf 88' lang='lat' dir='ltr'>ot</span> <span class='ocrx_word' id='word_1_177' title='bbox 512 2040 611 2120; x_wconf 86' lang='lat' dir='ltr'>potius</span> <span class='ocrx_word' id='word_1_178' title='bbox 623 2041 736 2119; x_wconf 87' lang='lat' dir='ltr'>privato</span> <span class='ocrx_word' id='word_1_179' title='bbox 752 2059 914 2120; x_wconf 88' lang='lat' dir='ltr'>paucorum</span> <span class='ocrx_word' id='word_1_180' title='bbox 926 2050 956 2102; x_wconf 91' lang='lat' dir='ltr'>et</span> <span class='ocrx_word' id='word_1_181' title='bbox 967 2043 1116 2102; x_wconf 88' lang='lat' dir='ltr'>latronum</span> <span class='ocrx_word' id='word_1_182' title='bbox 1130 2059 1221 2121; x_wconf 89' lang='lat' dir='ltr'>quam</span> 
     </span>
    </p>

    <p class='ocr_par' dir='ltr' id='par_1_8' title="bbox 154 2125 861 2206">
     <span class='ocr_line' id='line_1_22' title="bbox 154 2125 861 2206; baseline 0 -18"><span class='ocrx_word' id='word_1_183' title='bbox 154 2126 235 2206; x_wconf 75' lang='lat' dir='ltr'>regio</span> <span class='ocrx_word' id='word_1_184' title='bbox 250 2125 374 2188; x_wconf 87' lang='lat' dir='ltr'>consilio</span> <span class='ocrx_word' id='word_1_185' title='bbox 389 2133 561 2206; x_wconf 84' lang='lat' dir='ltr'>susceptum</span> <span class='ocrx_word' id='word_1_186' title='bbox 577 2127 688 2189; x_wconf 88' lang='lat' dir='ltr'>bellum</span> <span class='ocrx_word' id='word_1_187' title='bbox 704 2126 861 2190; x_wconf 82' lang='lat' dir='ltr'>rideretur.</span> 
     </span>
    </p>
   </div>
   <div class='ocr_carea' id='block_1_2' title="bbox 111 2316 666 3340">
    <p class='ocr_par' dir='ltr' id='par_1_9' title="bbox 111 2316 666 3340">
     <span class='ocr_line' id='line_1_23' title="bbox 153 2316 658 2371; baseline -0.008 -1"><span class='ocrx_word' id='word_1_188' title='bbox 153 2318 272 2371; x_wconf 87' lang='lat' dir='ltr'>Unruhen</span> <span class='ocrx_word' id='word_1_189' title='bbox 282 2316 420 2367; x_wconf 73' lang='lat' dir='ltr'>tasnato,</span> <span class='ocrx_word' id='word_1_190' title='bbox 438 2316 559 2366; x_wconf 82' lang='lat' dir='ltr'>-eodem</span> <span class='ocrx_word' id='word_1_191' title='bbox 570 2333 658 2367; x_wconf 76' lang='lat' dir='ltr'>eacan·</span> 
     </span>
     <span class='ocr_line' id='line_1_24' title="bbox 151 2384 666 2454; baseline -0.004 -17"><span class='ocrx_word' id='word_1_192' title='bbox 151 2387 200 2454; x_wconf 77' lang='lat' dir='ltr'>plo.</span> <span class='ocrx_word' id='word_1_193' title='bbox 230 2385 385 2452; x_wconf 71' lang='lat' dir='ltr'>Exemplum</span> <span class='ocrx_word' id='word_1_194' title='bbox 401 2384 543 2435; x_wconf 78' lang='lat' dir='ltr'>litterarum</span> <span class='ocrx_word' id='word_1_195' title='bbox 560 2385 596 2435; x_wconf 89' lang='lat' dir='ltr'>ist</span> <span class='ocrx_word' id='word_1_196' title='bbox 612 2386 666 2435; x_wconf 82' lang='lat' dir='ltr'>das</span> 
     </span>
     <span class='ocr_line' id='line_1_25' title="bbox 154 2451 657 2519; baseline 0.002 -15"><span class='ocrx_word' id='word_1_197' title='bbox 154 2454 266 2519; x_wconf 81' lang='lat' dir='ltr'>Concept</span> <span class='ocrx_word' id='word_1_198' title='bbox 277 2453 347 2503; x_wconf 86' lang='lat' dir='ltr'>eines</span> <span class='ocrx_word' id='word_1_199' title='bbox 359 2451 466 2518; x_wconf 84' lang='lat' dir='ltr'>Brleles,</span> <span class='ocrx_word' id='word_1_200' title='bbox 483 2471 506 2503; x_wconf 87' lang='lat' dir='ltr'>z.</span> <span class='ocrx_word' id='word_1_201' title='bbox 519 2453 545 2504; x_wconf 86' lang='lat' dir='ltr'>B.</span> <span class='ocrx_word' id='word_1_202' title='bbox 560 2453 611 2504; x_wconf 85' lang='lat' dir='ltr'>Cic.</span> <span class='ocrx_word' id='word_1_203' title='bbox 627 2456 657 2505; x_wconf 90' lang='lat' dir='ltr'>ad</span> 
     </span>
     <span class='ocr_line' id='line_1_26' title="bbox 155 2521 658 2586; baseline 0.002 -13"><span class='ocrx_word' id='word_1_204' title='bbox 155 2521 212 2573; x_wconf 82' lang='lat' dir='ltr'>fam.</span> <span class='ocrx_word' id='word_1_205' title='bbox 221 2522 245 2586; x_wconf 78' lang='lat'>9,</span> <span class='ocrx_word' id='word_1_206' title='bbox 253 2521 294 2586; x_wconf 97' lang='grc'>26,</span> <span class='ocrx_word' id='word_1_207' title='bbox 303 2521 311 2571; x_wconf 94' lang='grc'><strong>1</strong></span> <span class='ocrx_word' id='word_1_208' title='bbox 321 2540 327 2570; x_wconf 91' lang='lat'><strong>:</strong></span> <span class='ocrx_word' id='word_1_209' title='bbox 337 2523 505 2573; x_wconf 76' lang='lat' dir='ltr'>accubueram</span> <span class='ocrx_word' id='word_1_210' title='bbox 512 2524 576 2574; x_wconf 75' lang='lat' dir='ltr'>dora</span> <span class='ocrx_word' id='word_1_211' title='bbox 584 2538 658 2586; x_wconf 78' lang='lat' dir='ltr'>nona,</span> 
     </span>
     <span class='ocr_line' id='line_1_27' title="bbox 155 2589 658 2659; baseline 0.002 -18"><span class='ocrx_word' id='word_1_212' title='bbox 155 2607 215 2641; x_wconf 78' lang='lat' dir='ltr'>erem</span> <span class='ocrx_word' id='word_1_213' title='bbox 230 2589 265 2640; x_wconf 86' lang='lat' dir='ltr'>ad</span> <span class='ocrx_word' id='word_1_214' title='bbox 279 2595 303 2641; x_wconf 83' lang='lat' dir='ltr'>ta</span> <span class='ocrx_word' id='word_1_215' title='bbox 319 2592 410 2642; x_wconf 78' lang='lat' dir='ltr'>larum</span> <span class='ocrx_word' id='word_1_216' title='bbox 423 2591 568 2659; x_wconf 74' lang='lat' dir='ltr'>ammplam</span> <span class='ocrx_word' id='word_1_217' title='bbox 578 2594 605 2642; x_wconf 84' lang='lat' dir='ltr'>ia</span> <span class='ocrx_word' id='word_1_218' title='bbox 617 2607 658 2642; x_wconf 92' lang='lat' dir='ltr'>eo-</span> 
     </span>
     <span class='ocr_line' id='line_1_28' title="bbox 111 2659 659 2722; baseline -0.004 -11"><span class='ocrx_word' id='word_1_219' title='bbox 111 2672 115 2677; x_wconf 81' lang='grc'><strong><em>’</em></strong></span> <span class='ocrx_word' id='word_1_220' title='bbox 156 2659 248 2711; x_wconf 69' lang='lat' dir='ltr'>dr&#39;aillia</span> <span class='ocrx_word' id='word_1_221' title='bbox 258 2663 375 2722; x_wconf 69' lang='lat' dir='ltr'>cantani,</span> <span class='ocrx_word' id='word_1_222' title='bbox 389 2661 451 2710; x_wconf 85' lang='lat' dir='ltr'>oder</span> <span class='ocrx_word' id='word_1_223' title='bbox 462 2663 526 2711; x_wconf 83' lang='lat' dir='ltr'>anch</span> <span class='ocrx_word' id='word_1_224' title='bbox 538 2660 594 2710; x_wconf 89' lang='lat' dir='ltr'>eine</span> <span class='ocrx_word' id='word_1_225' title='bbox 606 2659 659 2710; x_wconf 85' lang='lat' dir='ltr'>Ah·</span> 
     </span>
     <span class='ocr_line' id='line_1_29' title="bbox 157 2726 658 2792; baseline -0.004 -12"><span class='ocrx_word' id='word_1_226' title='bbox 157 2726 259 2792; x_wconf 82' lang='lat' dir='ltr'>schrift,</span> <span class='ocrx_word' id='word_1_227' title='bbox 281 2745 303 2779; x_wconf 85' lang='lat' dir='ltr'>a.</span> <span class='ocrx_word' id='word_1_228' title='bbox 322 2727 349 2778; x_wconf 86' lang='lat' dir='ltr'>ll.</span> <span class='ocrx_word' id='word_1_229' title='bbox 363 2727 415 2779; x_wconf 86' lang='lat' dir='ltr'>Cic.</span> <span class='ocrx_word' id='word_1_230' title='bbox 437 2729 469 2779; x_wconf 84' lang='lat' dir='ltr'>ad</span> <span class='ocrx_word' id='word_1_231' title='bbox 487 2726 543 2779; x_wconf 83' lang='lat' dir='ltr'>lam.</span> <span class='ocrx_word' id='word_1_232' title='bbox 557 2730 581 2790; x_wconf 82' lang='lat'>6,</span> <span class='ocrx_word' id='word_1_233' title='bbox 594 2728 618 2791; x_wconf 84' lang='grc'><strong>0,</strong></span> <span class='ocrx_word' id='word_1_234' title='bbox 632 2730 658 2779; x_wconf 89' lang='lat'>3:</span> 
     </span>
     <span class='ocr_line' id='line_1_30' title="bbox 156 2796 662 2863; baseline 0 -15"><span class='ocrx_word' id='word_1_235' title='bbox 156 2813 246 2848; x_wconf 80' lang='lat' dir='ltr'>aarum</span> <span class='ocrx_word' id='word_1_236' title='bbox 264 2796 406 2848; x_wconf 65' lang='lat' dir='ltr'>limatam</span> <span class='ocrx_word' id='word_1_237' title='bbox 424 2797 566 2863; x_wconf 76' lang='lat' dir='ltr'>eoeemplam</span> <span class='ocrx_word' id='word_1_238' title='bbox 588 2798 662 2863; x_wconf 74' lang='lat' dir='ltr'>infra</span> 
     </span>
     <span class='ocr_line' id='line_1_31' title="bbox 157 2864 663 2933; baseline 0 -17"><span class='ocrx_word' id='word_1_239' title='bbox 157 2868 278 2933; x_wconf 70' lang='lat' dir='ltr'>scriptam</span> <span class='ocrx_word' id='word_1_240' title='bbox 295 2869 341 2915; x_wconf 82' lang='lat' dir='ltr'>erl.</span> <span class='ocrx_word' id='word_1_241' title='bbox 367 2864 447 2915; x_wconf 80' lang='lat' dir='ltr'>Binaa</span> <span class='ocrx_word' id='word_1_242' title='bbox 466 2865 564 2916; x_wconf 75' lang='lat' dir='ltr'>littam</span> <span class='ocrx_word' id='word_1_243' title='bbox 575 2865 663 2916; x_wconf 84' lang='lat' dir='ltr'>eodem</span> 
     </span>
     <span class='ocr_line' id='line_1_32' title="bbox 157 2932 661 3068; baseline 0.002 -16"><span class='ocrx_word' id='word_1_244' title='bbox 157 2932 661 3068; x_wconf 65' lang='lat' dir='ltr'>aadtlt:talttftttttltt</span> 
     </span>
     <span class='ocr_line' id='line_1_33' title="bbox 158 3067 661 3135; baseline 0.004 -16"><span class='ocrx_word' id='word_1_245' title='bbox 158 3067 262 3119; x_wconf 80' lang='lat' dir='ltr'>Grande</span> <span class='ocrx_word' id='word_1_246' title='bbox 273 3069 344 3134; x_wconf 60' lang='lat' dir='ltr'>liert,</span> <span class='ocrx_word' id='word_1_247' title='bbox 361 3086 383 3120; x_wconf 85' lang='lat' dir='ltr'>z.</span> <span class='ocrx_word' id='word_1_248' title='bbox 399 3071 425 3120; x_wconf 85' lang='lat' dir='ltr'>B.</span> <span class='ocrx_word' id='word_1_249' title='bbox 439 3070 492 3122; x_wconf 83' lang='lat' dir='ltr'>Cic.</span> <span class='ocrx_word' id='word_1_250' title='bbox 506 3069 606 3120; x_wconf 80' lang='lat' dir='ltr'>adfare.</span> <span class='ocrx_word' id='word_1_251' title='bbox 622 3071 661 3135; x_wconf 90' lang='grc'><strong>10,</strong></span> 
     </span>
     <span class='ocr_line' id='line_1_34' title="bbox 158 3137 662 3206; baseline 0.006 -20"><span class='ocrx_word' id='word_1_252' title='bbox 158 3140 180 3199; x_wconf 86' lang='grc'>6,</span> <span class='ocrx_word' id='word_1_253' title='bbox 198 3137 223 3187; x_wconf 87' lang='lat' dir='ltr'>l:</span> <span class='ocrx_word' id='word_1_254' title='bbox 236 3139 308 3186; x_wconf 82' lang='lat' dir='ltr'>diaaa</span> <span class='ocrx_word' id='word_1_255' title='bbox 319 3154 335 3186; x_wconf 88' lang='lat' dir='ltr'>a</span> <span class='ocrx_word' id='word_1_256' title='bbox 344 3142 367 3188; x_wconf 85' lang='lat' dir='ltr'>te</span> <span class='ocrx_word' id='word_1_257' title='bbox 375 3142 460 3206; x_wconf 84' lang='lat' dir='ltr'>accepi</span> <span class='ocrx_word' id='word_1_258' title='bbox 468 3137 568 3188; x_wconf 76' lang='lat' dir='ltr'>litterae</span> <span class='ocrx_word' id='word_1_259' title='bbox 576 3138 662 3189; x_wconf 80' lang='lat' dir='ltr'>codam</span> 
     </span>
     <span class='ocr_line' id='line_1_35' title="bbox 157 3205 660 3340; baseline 0 -15"><span class='ocrx_word' id='word_1_260' title='bbox 157 3205 278 3325; x_wconf 42' lang='lat' dir='ltr'>affl?</span> <span class='ocrx_word' id='word_1_261' title='bbox 290 3274 312 3323; x_wconf 90' lang='lat' dir='ltr'>l.</span> <span class='ocrx_word' id='word_1_262' title='bbox 334 3288 381 3340; x_wconf 81' lang='lat' dir='ltr'>pro</span> <span class='ocrx_word' id='word_1_263' title='bbox 394 3275 521 3324; x_wconf 80' lang='lat' dir='ltr'>cemorani</span> <span class='ocrx_word' id='word_1_264' title='bbox 530 3277 610 3324; x_wconf 83' lang='lat' dir='ltr'>amieo</span> <span class='ocrx_word' id='word_1_265' title='bbox 622 3280 660 3325; x_wconf 86' lang='lat' dir='ltr'>al-</span> 
     </span>
    </p>
   </div>
   <div class='ocr_carea' id='block_1_3' title="bbox 157 3339 688 3408">
    <p class='ocr_par' dir='ltr' id='par_1_10' title="bbox 157 3339 688 3408">
     <span class='ocr_line' id='line_1_36' title="bbox 157 3339 688 3408; baseline -0.004 -14"><span class='ocrx_word' id='word_1_266' title='bbox 157 3359 204 3408; x_wconf 80' lang='lat' dir='ltr'>que</span> <span class='ocrx_word' id='word_1_267' title='bbox 215 3344 326 3394; x_wconf 81' lang='lat' dir='ltr'>artaro:</span> <span class='ocrx_word' id='word_1_268' title='bbox 338 3341 404 3406; x_wconf 83' lang='lat' dir='ltr'>‘als&#39;‚</span> <span class='ocrx_word' id='word_1_269' title='bbox 419 3342 445 3391; x_wconf 92' lang='lat' dir='ltr'>in</span> <span class='ocrx_word' id='word_1_270' title='bbox 457 3342 503 3392; x_wconf 87' lang='lat' dir='ltr'>der</span> <span class='ocrx_word' id='word_1_271' title='bbox 514 3341 610 3393; x_wconf 86' lang='lat' dir='ltr'>Person</span> <span class='ocrx_word' id='word_1_272' title='bbox 623 3344 660 3393; x_wconf 90' lang='lat' dir='ltr'>ei·</span> <span class='ocrx_word' id='word_1_273' title='bbox 674 3339 688 3353; x_wconf 82' lang='grc'><strong>”</strong></span> 
     </span>
    </p>
   </div>
   <div class='ocr_carea' id='block_1_4' title="bbox 150 3407 662 4026">
    <p class='ocr_par' dir='ltr' id='par_1_11' title="bbox 150 3407 661 3816">
     <span class='ocr_line' id='line_1_37' title="bbox 157 3407 661 3475; baseline 0.004 -14"><span class='ocrx_word' id='word_1_274' title='bbox 157 3427 202 3462; x_wconf 87' lang='lat' dir='ltr'>nes</span> <span class='ocrx_word' id='word_1_275' title='bbox 232 3407 497 3475; x_wconf 76' lang='lat' dir='ltr'>gemeinschaftlichea</span> <span class='ocrx_word' id='word_1_276' title='bbox 532 3410 661 3464; x_wconf 84' lang='lat' dir='ltr'>Freundas</span> 
     </span>
     <span class='ocr_line' id='line_1_38' title="bbox 157 3479 660 3544; baseline 0.004 -15"><span class='ocrx_word' id='word_1_277' title='bbox 157 3481 206 3529; x_wconf 87' lang='lat' dir='ltr'>und</span> <span class='ocrx_word' id='word_1_278' title='bbox 219 3479 391 3530; x_wconf 86' lang='lat' dir='ltr'>Vermittlers.</span> <span class='ocrx_word' id='word_1_279' title='bbox 417 3479 440 3529; x_wconf 91' lang='lat' dir='ltr'>S.</span> <span class='ocrx_word' id='word_1_280' title='bbox 454 3496 485 3529; x_wconf 90' lang='lat' dir='ltr'>zu</span> <span class='ocrx_word' id='word_1_281' title='bbox 498 3479 521 3543; x_wconf 89' lang='grc'><strong>2,</strong></span> <span class='ocrx_word' id='word_1_282' title='bbox 540 3479 563 3542; x_wconf 79' lang='grc'><strong>8,</strong></span> <span class='ocrx_word' id='word_1_283' title='bbox 584 3481 610 3544; x_wconf 89' lang='grc'>1;</span> <span class='ocrx_word' id='word_1_284' title='bbox 632 3497 660 3531; x_wconf 89' lang='lat' dir='ltr'>so</span> 
     </span>
     <span class='ocr_line' id='line_1_39' title="bbox 157 3545 660 3616; baseline 0.002 -19"><span class='ocrx_word' id='word_1_285' title='bbox 157 3545 260 3616; x_wconf 65' lang='lat' dir='ltr'>§5pro</span> <span class='ocrx_word' id='word_1_286' title='bbox 277 3550 356 3598; x_wconf 83' lang='lat' dir='ltr'>aceiae</span> <span class='ocrx_word' id='word_1_287' title='bbox 369 3547 494 3611; x_wconf 70' lang='grc' dir='ltr'>ιιιῠὶιιιιιις</span> <span class='ocrx_word' id='word_1_288' title='bbox 512 3546 538 3598; x_wconf 89' lang='lat' dir='ltr'>B.</span> <span class='ocrx_word' id='word_1_289' title='bbox 553 3546 583 3599; x_wconf 85' lang='lat' dir='ltr'>G.</span> <span class='ocrx_word' id='word_1_290' title='bbox 598 3551 622 3613; x_wconf 84' lang='lat'>5,</span> <span class='ocrx_word' id='word_1_291' title='bbox 636 3550 660 3615; x_wconf 83' lang='lat' dir='ltr'>t,</span> 
     </span>
     <span class='ocr_line' id='line_1_40' title="bbox 158 3616 660 3684; baseline 0.004 -18"><span class='ocrx_word' id='word_1_292' title='bbox 158 3617 184 3666; x_wconf 84' lang='lat' dir='ltr'>t:</span> <span class='ocrx_word' id='word_1_293' title='bbox 207 3616 270 3666; x_wconf 69' lang='lat' dir='ltr'>nadal</span> <span class='ocrx_word' id='word_1_294' title='bbox 288 3616 354 3666; x_wconf 78' lang='lat' dir='ltr'>datae</span> <span class='ocrx_word' id='word_1_295' title='bbox 374 3633 402 3666; x_wconf 80' lang='lat' dir='ltr'>re</span> <span class='ocrx_word' id='word_1_296' title='bbox 422 3617 521 3667; x_wconf 79' lang='lat' dir='ltr'>absente</span> <span class='ocrx_word' id='word_1_297' title='bbox 537 3632 660 3684; x_wconf 73' lang='lat' dir='ltr'>protono</span> 
     </span>
     <span class='ocr_line' id='line_1_41' title="bbox 150 3685 658 3750; baseline 0.008 -17"><span class='ocrx_word' id='word_1_298' title='bbox 150 3686 298 3750; x_wconf 78' lang='lat' dir='ltr'>saetarum.</span> <span class='ocrx_word' id='word_1_299' title='bbox 318 3713 350 3720; x_wconf 90' lang='lat'>—</span> <span class='ocrx_word' id='word_1_300' title='bbox 374 3687 456 3735; x_wconf 83' lang='lat' dir='ltr'>venire</span> <span class='ocrx_word' id='word_1_301' title='bbox 473 3685 658 3737; x_wconf 81' lang='lat' dir='ltr'>Aleaeaadriam</span> 
     </span>
     <span class='ocr_line' id='line_1_42' title="bbox 157 3753 490 3816; baseline 0.003 -12"><span class='ocrx_word' id='word_1_302' title='bbox 157 3769 205 3804; x_wconf 87' lang='lat' dir='ltr'>von</span> <span class='ocrx_word' id='word_1_303' title='bbox 219 3753 346 3804; x_wconf 86' lang='lat' dir='ltr'>Pelusium</span> <span class='ocrx_word' id='word_1_304' title='bbox 360 3771 381 3803; x_wconf 85' lang='lat' dir='ltr'>e.</span> <span class='ocrx_word' id='word_1_305' title='bbox 396 3753 452 3816; x_wconf 81' lang='lat'>103,</span> <span class='ocrx_word' id='word_1_306' title='bbox 469 3754 490 3806; x_wconf 88' lang='lat'>1.</span> 
     </span>
    </p>

    <p class='ocr_par' dir='ltr' id='par_1_12' title="bbox 155 3821 662 4026">
     <span class='ocr_line' id='line_1_43' title="bbox 192 3821 662 3889; baseline 0.004 -16"><span class='ocrx_word' id='word_1_307' title='bbox 192 3822 215 3873; x_wconf 92' lang='grc'>2.</span> <span class='ocrx_word' id='word_1_308' title='bbox 240 3821 379 3872; x_wconf 55' lang='lat' dir='ltr'>ramlosae:</span> <span class='ocrx_word' id='word_1_309' title='bbox 398 3821 516 3886; x_wconf 61' lang='lat' dir='ltr'>atam</span> <span class='ocrx_word' id='word_1_310' title='bbox 535 3825 662 3889; x_wconf 81' lang='grc'><strong>41,6.-</strong></span> 
     </span>
     <span class='ocr_line' id='line_1_44' title="bbox 156 3889 631 3958; baseline 0.004 -18"><span class='ocrx_word' id='word_1_311' title='bbox 156 3907 184 3940; x_wconf 79' lang='lat' dir='ltr'>se</span> <span class='ocrx_word' id='word_1_312' title='bbox 195 3889 400 3957; x_wconf 55' lang='lat' dir='ltr'>appellatorem&amp;</span> <span class='ocrx_word' id='word_1_313' title='bbox 413 3890 439 3941; x_wconf 83' lang='lat' dir='ltr'>ll.</span> <span class='ocrx_word' id='word_1_314' title='bbox 453 3889 484 3942; x_wconf 79' lang='lat' dir='ltr'>d.</span> <span class='ocrx_word' id='word_1_315' title='bbox 497 3894 521 3958; x_wconf 87' lang='grc'>6,</span> <span class='ocrx_word' id='word_1_316' title='bbox 535 3894 575 3957; x_wconf 88' lang='grc'><strong>36,</strong></span> <span class='ocrx_word' id='word_1_317' title='bbox 591 3892 612 3942; x_wconf 93' lang='grc'>1.</span> <span class='ocrx_word' id='word_1_318' title='bbox 629 3933 631 3937; x_wconf 73' lang='lat'>‚</span> 
     </span>
     <span class='ocr_line' id='line_1_45' title="bbox 155 3957 657 4026; baseline 0.006 -18"><span class='ocrx_word' id='word_1_319' title='bbox 155 4021 158 4026; x_wconf 29' lang='lat'><strong>⁴</strong></span> <span class='ocrx_word' id='word_1_320' title='bbox 191 3960 213 4009; x_wconf 88' lang='lat'>3.</span> <span class='ocrx_word' id='word_1_321' title='bbox 256 3957 317 4024; x_wconf 81' lang='lat' dir='ltr'>qnid</span> <span class='ocrx_word' id='word_1_322' title='bbox 342 3965 405 4011; x_wconf 73' lang='lat' dir='ltr'>errat</span> <span class='ocrx_word' id='word_1_323' title='bbox 433 3975 496 4011; x_wconf 74' lang='lat' dir='ltr'>auae</span> <span class='ocrx_word' id='word_1_324' title='bbox 517 3961 657 4012; x_wconf 78' lang='lat' dir='ltr'>voluntatis.</span> 
     </span>
    </p>
   </div>
   <div class='ocr_carea' id='block_1_5' title="bbox 713 2316 1223 4025">
    <p class='ocr_par' dir='ltr' id='par_1_13' title="bbox 714 2316 1222 2518">
     <span class='ocr_line' id='line_1_46' title="bbox 715 2316 1222 2382; baseline -0.002 -13"><span class='ocrx_word' id='word_1_325' title='bbox 715 2319 801 2382; x_wconf 72' lang='lat' dir='ltr'>Vergl.</span> <span class='ocrx_word' id='word_1_326' title='bbox 814 2318 840 2367; x_wconf 88' lang='lat' dir='ltr'>B.</span> <span class='ocrx_word' id='word_1_327' title='bbox 855 2317 885 2368; x_wconf 86' lang='lat' dir='ltr'>G.</span> <span class='ocrx_word' id='word_1_328' title='bbox 900 2319 921 2382; x_wconf 94' lang='grc'><strong>1,</strong></span> <span class='ocrx_word' id='word_1_329' title='bbox 935 2316 977 2380; x_wconf 87' lang='grc'><strong>21,</strong></span> <span class='ocrx_word' id='word_1_330' title='bbox 990 2317 1020 2367; x_wconf 62' lang='lat' dir='ltr'>tr</span> <span class='ocrx_word' id='word_1_331' title='bbox 1033 2319 1094 2382; x_wconf 80' lang='lat' dir='ltr'>qaid</span> <span class='ocrx_word' id='word_1_332' title='bbox 1110 2321 1154 2368; x_wconf 80' lang='lat' dir='ltr'>rai</span> <span class='ocrx_word' id='word_1_333' title='bbox 1164 2334 1222 2374; x_wconf 79' lang='lat' dir='ltr'>etrrr·¹</span> 
     </span>
     <span class='ocr_line' id='line_1_47' title="bbox 714 2384 1221 2451; baseline 0 -15"><span class='ocrx_word' id='word_1_334' title='bbox 714 2385 768 2436; x_wconf 72' lang='lat' dir='ltr'>aaliz·</span> <span class='ocrx_word' id='word_1_335' title='bbox 781 2389 827 2436; x_wconf 71' lang='lat' dir='ltr'>ria</span> <span class='ocrx_word' id='word_1_336' title='bbox 852 2385 903 2436; x_wconf 82' lang='lat' dir='ltr'>Der</span> <span class='ocrx_word' id='word_1_337' title='bbox 916 2384 1021 2436; x_wconf 82' lang='lat' dir='ltr'>Gonitiv</span> <span class='ocrx_word' id='word_1_338' title='bbox 1039 2386 1073 2436; x_wconf 86' lang='lat' dir='ltr'>ist</span> <span class='ocrx_word' id='word_1_339' title='bbox 1089 2402 1140 2436; x_wconf 86' lang='lat' dir='ltr'>von</span> <span class='ocrx_word' id='word_1_340' title='bbox 1157 2404 1221 2451; x_wconf 77' lang='lat' dir='ltr'>ersa,</span> 
     </span>
     <span class='ocr_line' id='line_1_48' title="bbox 714 2453 1061 2518; baseline 0 -15"><span class='ocrx_word' id='word_1_341' title='bbox 714 2454 782 2504; x_wconf 86' lang='lat' dir='ltr'>nicht</span> <span class='ocrx_word' id='word_1_342' title='bbox 794 2470 844 2504; x_wconf 86' lang='lat' dir='ltr'>von</span> <span class='ocrx_word' id='word_1_343' title='bbox 857 2453 918 2518; x_wconf 81' lang='lat' dir='ltr'>qaid</span> <span class='ocrx_word' id='word_1_344' title='bbox 927 2454 1061 2518; x_wconf 72' lang='lat' dir='ltr'>ahhiingig.</span> 
     </span>
    </p>

    <p class='ocr_par' dir='ltr' id='par_1_14' title="bbox 714 2524 1222 2929">
     <span class='ocr_line' id='line_1_49' title="bbox 749 2524 1222 2589; baseline 0.004 -17"><span class='ocrx_word' id='word_1_345' title='bbox 749 2525 772 2573; x_wconf 82' lang='lat'>5.</span> <span class='ocrx_word' id='word_1_346' title='bbox 807 2527 943 2589; x_wconf 77' lang='lat' dir='ltr'>occupatur</span> <span class='ocrx_word' id='word_1_347' title='bbox 959 2537 1007 2589; x_wconf 79' lang='lat' dir='ltr'>par</span> <span class='ocrx_word' id='word_1_348' title='bbox 1027 2539 1097 2573; x_wconf 73' lang='lat' dir='ltr'>acor:</span> <span class='ocrx_word' id='word_1_349' title='bbox 1122 2524 1222 2574; x_wconf 86' lang='lat' dir='ltr'>sehnall</span> 
     </span>
     <span class='ocr_line' id='line_1_50' title="bbox 714 2591 1221 2655; baseline 0.002 -14"><span class='ocrx_word' id='word_1_350' title='bbox 714 2591 841 2655; x_wconf 62' lang='lat' dir='ltr'>erar-iden,</span> <span class='ocrx_word' id='word_1_351' title='bbox 854 2591 943 2642; x_wconf 85' lang='lat' dir='ltr'>sohald</span> <span class='ocrx_word' id='word_1_352' title='bbox 953 2607 983 2641; x_wconf 87' lang='lat' dir='ltr'>er</span> <span class='ocrx_word' id='word_1_353' title='bbox 992 2592 1142 2642; x_wconf 70' lang='lat' dir='ltr'>verdundet</span> <span class='ocrx_word' id='word_1_354' title='bbox 1151 2608 1221 2643; x_wconf 86' lang='lat' dir='ltr'>wor-</span> 
     </span>
     <span class='ocr_line' id='line_1_51' title="bbox 714 2660 1221 2723; baseline 0.004 -15"><span class='ocrx_word' id='word_1_355' title='bbox 714 2661 759 2709; x_wconf 88' lang='lat' dir='ltr'>den</span> <span class='ocrx_word' id='word_1_356' title='bbox 782 2676 849 2722; x_wconf 80' lang='lat' dir='ltr'>war,</span> <span class='ocrx_word' id='word_1_357' title='bbox 870 2676 911 2710; x_wconf 87' lang='lat' dir='ltr'>um</span> <span class='ocrx_word' id='word_1_358' title='bbox 932 2660 974 2710; x_wconf 89' lang='lat' dir='ltr'>ihn</span> <span class='ocrx_word' id='word_1_359' title='bbox 995 2660 1059 2710; x_wconf 81' lang='lat' dir='ltr'>noch</span> <span class='ocrx_word' id='word_1_360' title='bbox 1076 2676 1109 2710; x_wconf 83' lang='lat' dir='ltr'>zu</span> <span class='ocrx_word' id='word_1_361' title='bbox 1126 2664 1221 2723; x_wconf 87' lang='lat' dir='ltr'>retten,</span> 
     </span>
     <span class='ocr_line' id='line_1_52' title="bbox 716 2727 1222 2794; baseline 0.004 -17"><span class='ocrx_word' id='word_1_362' title='bbox 716 2728 786 2778; x_wconf 86' lang='lat' dir='ltr'>nicht</span> <span class='ocrx_word' id='word_1_363' title='bbox 799 2727 908 2780; x_wconf 75' lang='lat' dir='ltr'>‘uulnera</span> <span class='ocrx_word' id='word_1_364' title='bbox 919 2733 1063 2794; x_wconf 79' lang='lat' dir='ltr'>eeeatpatns,</span> <span class='ocrx_word' id='word_1_365' title='bbox 1079 2728 1125 2779; x_wconf 85' lang='lat' dir='ltr'>mit</span> <span class='ocrx_word' id='word_1_366' title='bbox 1137 2730 1222 2779; x_wconf 81' lang='lat' dir='ltr'>seiher</span> 
     </span>
     <span class='ocr_line' id='line_1_53' title="bbox 716 2795 1220 2861; baseline -0.002 -14"><span class='ocrx_word' id='word_1_367' title='bbox 716 2797 817 2847; x_wconf 88' lang='lat' dir='ltr'>Wunde</span> <span class='ocrx_word' id='word_1_368' title='bbox 830 2795 995 2861; x_wconf 74' lang='lat' dir='ltr'>besehiilligt,</span> <span class='ocrx_word' id='word_1_369' title='bbox 1012 2799 1091 2847; x_wconf 87' lang='lat' dir='ltr'>durch</span> <span class='ocrx_word' id='word_1_370' title='bbox 1108 2797 1148 2849; x_wconf 91' lang='lat' dir='ltr'>sie</span> <span class='ocrx_word' id='word_1_371' title='bbox 1162 2813 1220 2848; x_wconf 85' lang='lat' dir='ltr'>ver-</span> 
     </span>
     <span class='ocr_line' id='line_1_54' title="bbox 715 2864 1137 2929; baseline 0.002 -14"><span class='ocrx_word' id='word_1_372' title='bbox 715 2865 824 2928; x_wconf 71' lang='lat' dir='ltr'>studeat,</span> <span class='ocrx_word' id='word_1_373' title='bbox 836 2865 891 2915; x_wconf 86' lang='lat' dir='ltr'>slah</span> <span class='ocrx_word' id='word_1_374' title='bbox 903 2882 934 2916; x_wconf 87' lang='lat' dir='ltr'>zu</span> <span class='ocrx_word' id='word_1_375' title='bbox 947 2864 1137 2929; x_wconf 68' lang='lat' dir='ltr'>vertheidigen.</span> 
     </span>
    </p>

    <p class='ocr_par' dir='ltr' id='par_1_15' title="bbox 713 2935 1223 4025">
     <span class='ocr_line' id='line_1_55' title="bbox 750 2935 1223 3000; baseline 0.002 -16"><span class='ocrx_word' id='word_1_376' title='bbox 750 2935 773 2985; x_wconf 90' lang='grc'>6.</span> <span class='ocrx_word' id='word_1_377' title='bbox 796 2949 883 2999; x_wconf 75' lang='lat' dir='ltr'>regem</span> <span class='ocrx_word' id='word_1_378' title='bbox 899 2939 927 2984; x_wconf 84' lang='lat' dir='ltr'>at</span> <span class='ocrx_word' id='word_1_379' title='bbox 943 2937 969 2984; x_wconf 81' lang='lat' dir='ltr'>ia</span> <span class='ocrx_word' id='word_1_380' title='bbox 986 2950 1036 2984; x_wconf 84' lang='lat' dir='ltr'>aaa</span> <span class='ocrx_word' id='word_1_381' title='bbox 1044 2939 1165 3000; x_wconf 75' lang='lat' dir='ltr'>potestate</span> <span class='ocrx_word' id='word_1_382' title='bbox 1174 2936 1223 2985; x_wconf 82' lang='lat' dir='ltr'>lta·</span> 
     </span>
     <span class='ocr_line' id='line_1_56' title="bbox 716 3001 1222 3068; baseline 0 -14"><span class='ocrx_word' id='word_1_383' title='bbox 716 3005 791 3067; x_wconf 81' lang='lat' dir='ltr'>derat,</span> <span class='ocrx_word' id='word_1_384' title='bbox 803 3002 896 3068; x_wconf 68' lang='lat' dir='ltr'>efficit</span> <span class='ocrx_word' id='word_1_385' title='bbox 921 3001 958 3053; x_wconf 78' lang='lat' dir='ltr'>Er</span> <span class='ocrx_word' id='word_1_386' title='bbox 968 3003 1038 3054; x_wconf 84' lang='lat' dir='ltr'>hatto</span> <span class='ocrx_word' id='word_1_387' title='bbox 1046 3002 1090 3052; x_wconf 84' lang='lat' dir='ltr'>ihu</span> <span class='ocrx_word' id='word_1_388' title='bbox 1098 3003 1157 3066; x_wconf 78' lang='lat' dir='ltr'>(mit</span> <span class='ocrx_word' id='word_1_389' title='bbox 1166 3003 1222 3054; x_wconf 88' lang='lat' dir='ltr'>dem</span> 
     </span>
     <span class='ocr_line' id='line_1_57' title="bbox 716 3069 1221 3136; baseline 0.002 -15"><span class='ocrx_word' id='word_1_390' title='bbox 716 3070 848 3133; x_wconf 85' lang='lat' dir='ltr'>Pothinus)</span> <span class='ocrx_word' id='word_1_391' title='bbox 861 3070 902 3121; x_wconf 89' lang='lat' dir='ltr'>hei</span> <span class='ocrx_word' id='word_1_392' title='bbox 916 3071 970 3121; x_wconf 81' lang='lat' dir='ltr'>sich</span> <span class='ocrx_word' id='word_1_393' title='bbox 981 3071 1007 3120; x_wconf 89' lang='lat' dir='ltr'>in</span> <span class='ocrx_word' id='word_1_394' title='bbox 1021 3072 1066 3121; x_wconf 86' lang='lat' dir='ltr'>der</span> <span class='ocrx_word' id='word_1_395' title='bbox 1078 3069 1153 3136; x_wconf 66' lang='lat' dir='ltr'>Burs,</span> <span class='ocrx_word' id='word_1_396' title='bbox 1172 3073 1221 3122; x_wconf 88' lang='lat' dir='ltr'>und</span> 
     </span>
     <span class='ocr_line' id='line_1_58' title="bbox 716 3138 1222 3201; baseline 0.004 -12"><span class='ocrx_word' id='word_1_397' title='bbox 716 3138 1047 3201; x_wconf 75' lang='lat' dir='ltr'>hasrhn,wennauahdam</span> <span class='ocrx_word' id='word_1_398' title='bbox 1054 3139 1222 3191; x_wconf 82' lang='lat' dir='ltr'>Namennaeh</span> 
     </span>
     <span class='ocr_line' id='line_1_59' title="bbox 716 3205 1221 3273; baseline 0.002 -15"><span class='ocrx_word' id='word_1_399' title='bbox 716 3206 765 3258; x_wconf 86' lang='lat' dir='ltr'>frei</span> <span class='ocrx_word' id='word_1_400' title='bbox 776 3208 825 3257; x_wconf 88' lang='lat' dir='ltr'>und</span> <span class='ocrx_word' id='word_1_401' title='bbox 836 3208 881 3258; x_wconf 84' lang='lat' dir='ltr'>mit</span> <span class='ocrx_word' id='word_1_402' title='bbox 894 3207 960 3259; x_wconf 85' lang='lat' dir='ltr'>aller</span> <span class='ocrx_word' id='word_1_403' title='bbox 969 3209 1023 3258; x_wconf 87' lang='lat' dir='ltr'>dem</span> <span class='ocrx_word' id='word_1_404' title='bbox 1033 3205 1221 3273; x_wconf 60' lang='grc' dir='ltr'><strong>166ιί636666-</strong></span> 
     </span>
     <span class='ocr_line' id='line_1_60' title="bbox 716 3276 1222 3341; baseline 0.006 -16"><span class='ocrx_word' id='word_1_405' title='bbox 716 3276 809 3325; x_wconf 86' lang='lat' dir='ltr'>renden</span> <span class='ocrx_word' id='word_1_406' title='bbox 828 3276 964 3327; x_wconf 80' lang='lat' dir='ltr'>Riieksieht</span> <span class='ocrx_word' id='word_1_407' title='bbox 976 3276 1122 3341; x_wconf 88' lang='lat' dir='ltr'>hehandelt,</span> <span class='ocrx_word' id='word_1_408' title='bbox 1136 3285 1222 3340; x_wconf 65' lang='lat' dir='ltr'>&#39;ganan</span> 
     </span>
     <span class='ocr_line' id='line_1_61' title="bbox 715 3343 1222 3410; baseline 0.004 -16"><span class='ocrx_word' id='word_1_409' title='bbox 715 3345 862 3408; x_wconf 69' lang='lat' dir='ltr'>hortamen,</span> <span class='ocrx_word' id='word_1_410' title='bbox 880 3343 963 3394; x_wconf 64' lang='lat' dir='ltr'>chelle</span> <span class='ocrx_word' id='word_1_411' title='bbox 974 3361 1022 3409; x_wconf 83' lang='lat' dir='ltr'>qao</span> <span class='ocrx_word' id='word_1_412' title='bbox 1032 3348 1105 3410; x_wconf 78' lang='lat' dir='ltr'>pacis</span> <span class='ocrx_word' id='word_1_413' title='bbox 1118 3346 1222 3396; x_wconf 80' lang='lat' dir='ltr'>Pellaea</span> 
     </span>
     <span class='ocr_line' id='line_1_62' title="bbox 715 3412 1221 3479; baseline 0.01 -18"><span class='ocrx_word' id='word_1_414' title='bbox 715 3416 788 3462; x_wconf 81' lang='lat' dir='ltr'>tutas</span> <span class='ocrx_word' id='word_1_415' title='bbox 797 3415 823 3462; x_wconf 83' lang='lat' dir='ltr'>in</span> <span class='ocrx_word' id='word_1_416' title='bbox 832 3413 891 3464; x_wconf 75' lang='lat' dir='ltr'>atala</span> <span class='ocrx_word' id='word_1_417' title='bbox 903 3412 998 3464; x_wconf 79' lang='lat' dir='ltr'>Caesar</span> <span class='ocrx_word' id='word_1_418' title='bbox 1009 3418 1067 3465; x_wconf 82' lang='lat' dir='ltr'>erat</span> <span class='ocrx_word' id='word_1_419' title='bbox 1075 3413 1169 3464; x_wconf 80' lang='lat' dir='ltr'>Lucan.</span> <span class='ocrx_word' id='word_1_420' title='bbox 1181 3416 1221 3479; x_wconf 89' lang='grc'><strong>10,</strong></span> 
     </span>
     <span class='ocr_line' id='line_1_63' title="bbox 716 3481 1221 3549; baseline 0.004 -18"><span class='ocrx_word' id='word_1_421' title='bbox 716 3482 757 3531; x_wconf 81' lang='grc'>55.</span> <span class='ocrx_word' id='word_1_422' title='bbox 775 3510 808 3518; x_wconf 88' lang='lat'><em>-</em></span> <span class='ocrx_word' id='word_1_423' title='bbox 825 3481 895 3548; x_wconf 79' lang='lat' dir='ltr'>opud</span> <span class='ocrx_word' id='word_1_424' title='bbox 904 3496 978 3532; x_wconf 81' lang='lat' dir='ltr'>raes:</span> <span class='ocrx_word' id='word_1_425' title='bbox 995 3481 1145 3549; x_wconf 74' lang='lat' dir='ltr'>Aegyptios.</span> <span class='ocrx_word' id='word_1_426' title='bbox 1171 3483 1221 3532; x_wconf 83' lang='lat' dir='ltr'>lla-</span> 
     </span>
     <span class='ocr_line' id='line_1_64' title="bbox 715 3547 1221 3614; baseline 0.002 -15"><span class='ocrx_word' id='word_1_427' title='bbox 715 3550 804 3613; x_wconf 82' lang='lat' dir='ltr'>dureh,</span> <span class='ocrx_word' id='word_1_428' title='bbox 823 3551 881 3601; x_wconf 81' lang='lat' dir='ltr'>dass</span> <span class='ocrx_word' id='word_1_429' title='bbox 898 3565 927 3600; x_wconf 87' lang='lat' dir='ltr'>er</span> <span class='ocrx_word' id='word_1_430' title='bbox 945 3550 992 3600; x_wconf 86' lang='lat' dir='ltr'>den</span> <span class='ocrx_word' id='word_1_431' title='bbox 1005 3547 1090 3614; x_wconf 74' lang='lat' dir='ltr'>lidrig</span> <span class='ocrx_word' id='word_1_432' title='bbox 1109 3551 1150 3602; x_wconf 88' lang='lat' dir='ltr'>hei</span> <span class='ocrx_word' id='word_1_433' title='bbox 1165 3552 1221 3601; x_wconf 82' lang='lat' dir='ltr'>sich</span> 
     </span>
     <span class='ocr_line' id='line_1_65' title="bbox 714 3616 1219 3682; baseline 0.002 -15"><span class='ocrx_word' id='word_1_434' title='bbox 714 3619 796 3680; x_wconf 87' lang='lat' dir='ltr'>hatte,</span> <span class='ocrx_word' id='word_1_435' title='bbox 815 3618 890 3670; x_wconf 85' lang='lat' dir='ltr'>sollte</span> <span class='ocrx_word' id='word_1_436' title='bbox 907 3619 952 3668; x_wconf 87' lang='lat' dir='ltr'>der</span> <span class='ocrx_word' id='word_1_437' title='bbox 963 3616 1044 3682; x_wconf 68' lang='lat' dir='ltr'>Krioa</span> <span class='ocrx_word' id='word_1_438' title='bbox 1064 3635 1111 3669; x_wconf 86' lang='lat' dir='ltr'>nur</span> <span class='ocrx_word' id='word_1_439' title='bbox 1128 3620 1219 3670; x_wconf 84' lang='lat' dir='ltr'>alseio</span> 
     </span>
     <span class='ocr_line' id='line_1_66' title="bbox 715 3685 1219 3738; baseline 0.004 -2"><span class='ocrx_word' id='word_1_440' title='bbox 715 3686 797 3736; x_wconf 84' lang='lat' dir='ltr'>Werk</span> <span class='ocrx_word' id='word_1_441' title='bbox 815 3688 859 3737; x_wconf 89' lang='lat' dir='ltr'>des</span> <span class='ocrx_word' id='word_1_442' title='bbox 881 3685 1103 3738; x_wconf 84' lang='lat' dir='ltr'>aufruhrerisehen</span> <span class='ocrx_word' id='word_1_443' title='bbox 1125 3687 1219 3738; x_wconf 78' lang='lat' dir='ltr'>{leores</span> 
     </span>
     <span class='ocr_line' id='line_1_67' title="bbox 714 3755 1220 3820; baseline 0.006 -16"><span class='ocrx_word' id='word_1_444' title='bbox 714 3755 875 3817; x_wconf 84' lang='lat' dir='ltr'>erseheinen,</span> <span class='ocrx_word' id='word_1_445' title='bbox 896 3755 960 3805; x_wconf 87' lang='lat' dir='ltr'>ohne</span> <span class='ocrx_word' id='word_1_446' title='bbox 979 3755 1155 3820; x_wconf 66' lang='lat' dir='ltr'>lletheilignng</span> <span class='ocrx_word' id='word_1_447' title='bbox 1175 3756 1220 3807; x_wconf 83' lang='lat' dir='ltr'>des</span> 
     </span>
     <span class='ocr_line' id='line_1_68' title="bbox 713 3820 1220 3890; baseline 0.004 -18"><span class='ocrx_word' id='word_1_448' title='bbox 713 3820 825 3887; x_wconf 66' lang='lat' dir='ltr'>Iturisa,</span> <span class='ocrx_word' id='word_1_449' title='bbox 845 3839 898 3874; x_wconf 87' lang='lat' dir='ltr'>was</span> <span class='ocrx_word' id='word_1_450' title='bbox 917 3824 981 3873; x_wconf 82' lang='lat' dir='ltr'>nach</span> <span class='ocrx_word' id='word_1_451' title='bbox 999 3824 1086 3875; x_wconf 85' lang='lat' dir='ltr'>seiaer</span> <span class='ocrx_word' id='word_1_452' title='bbox 1100 3823 1220 3890; x_wconf 70' lang='lat' dir='ltr'>Meiannq</span> 
     </span>
     <span class='ocr_line' id='line_1_69' title="bbox 714 3889 1219 3956; baseline 0.002 -14"><span class='ocrx_word' id='word_1_453' title='bbox 714 3889 759 3942; x_wconf 85' lang='lat' dir='ltr'>aul</span> <span class='ocrx_word' id='word_1_454' title='bbox 773 3891 898 3944; x_wconf 81' lang='lat' dir='ltr'>dasVolk</span> <span class='ocrx_word' id='word_1_455' title='bbox 915 3891 957 3948; x_wconf 80' lang='lat' dir='ltr'>hei</span> <span class='ocrx_word' id='word_1_456' title='bbox 975 3891 1031 3942; x_wconf 88' lang='lat' dir='ltr'>dem</span> <span class='ocrx_word' id='word_1_457' title='bbox 1043 3892 1175 3956; x_wconf 76' lang='lat' dir='ltr'>duschan,</span> <span class='ocrx_word' id='word_1_458' title='bbox 1193 3894 1219 3943; x_wconf 85' lang='lat' dir='ltr'>in</span> 
     </span>
     <span class='ocr_line' id='line_1_70' title="bbox 714 3958 1217 4025; baseline 0.004 -15"><span class='ocrx_word' id='word_1_459' title='bbox 714 3961 769 4010; x_wconf 84' lang='lat' dir='ltr'>darn</span> <span class='ocrx_word' id='word_1_460' title='bbox 785 3961 829 4012; x_wconf 80' lang='lat' dir='ltr'>das</span> <span class='ocrx_word' id='word_1_461' title='bbox 846 3958 999 4025; x_wconf 77' lang='lat' dir='ltr'>lldnigthnm</span> <span class='ocrx_word' id='word_1_462' title='bbox 1012 3964 1105 4025; x_wconf 57' lang='lat' dir='ltr'>amad„</span> <span class='ocrx_word' id='word_1_463' title='bbox 1120 3961 1217 4013; x_wconf 81' lang='lat' dir='ltr'>wirken</span> 
     </span>
    </p>
   </div>
   <div class='ocr_carea' id='block_1_6' title="bbox 0 0 1291 4424">
    <p class='ocr_par' dir='ltr' id='par_1_16' title="bbox 0 0 1291 4424">
     <span class='ocr_line' id='line_1_71' title="bbox 0 0 1291 4424; baseline 0 0"><span class='ocrx_word' id='word_1_464' title='bbox 0 0 1291 4424; x_wconf 95' lang='lat' dir='ltr'> </span> 
     </span>
    </p>
   </div>
  </div>
 </body>
</html>
