2572 4424
668 55 694 92 ὰ

474 262 476 266 v
501 289 503 293 ,
536 227 555 280 l.
569 229 609 280 22.
624 230 664 283 23.
1093 233 1133 292 57

62 385 234 466 municipiis
257 385 403 449 Domitius
424 392 601 447 evocaverat.
638 385 699 448 Hos
722 405 826 448 omnes
846 387 1006 467 productos
1030 404 1134 448 aeon·
1159 407 1173 457 3

59 471 190 536 tumeliis
206 471 332 534 militum
347 470 543 551 conviciisque
558 470 710 551 prohibet,
725 490 818 552 pauca
833 473 911 552 apud
927 492 978 535 eos
990 471 1131 553 loquitur,

61 558 144 639 quod
165 557 221 620 sibi
240 578 257 619 a
277 565 360 638 parte
381 576 484 618 eorum
504 557 595 637 gratia
613 559 704 620 relata
725 576 787 620 non
808 557 846 620 sit
865 577 918 637 pro
940 557 1002 620 suis
1024 557 1055 619 in
1079 578 1130 620 eos

61 643 198 707 maximis
218 642 380 705 beneficiis:
408 641 528 704 dimittit
554 662 657 705 omnes
684 644 856 705 incolumes
895 643 953 704 HS.
975 663 1027 716 nx,
1049 646 1130 724 quod
1157 668 1172 717 l

60 731 216 792 advexerat
230 727 374 790 Domitius
396 735 484 808 atquo
503 728 534 789 in
555 728 670 808 publico
692 731 881 810 deposuerat,
903 731 1022 792 allatum
1044 731 1079 792 ad
1098 751 1129 792 se

60 815 98 878 ab
120 814 283 877 duumviris
305 812 537 875 Corfiniensibus
558 814 685 876 Domitio
701 814 810 887 reddit,
827 834 865 877 ne
885 815 1083 878 continentior
1099 817 1129 878 in

60 901 121 963 vita
138 900 296 962 hominum
316 919 405 980 quam
425 899 456 961 in
476 899 601 979 pecunia
620 900 712 962 fuis&
727 900 873 974 videatur,
890 900 944 963 etsi
960 920 1025 963 eam
1040 921 1132 980 pecu-

60 986 144 1049 niam
163 985 311 1066 publicam
331 1005 396 1046 esse
417 985 569 1047 constabat
590 987 746 1066 datamque
767 1007 784 1049 a
804 986 945 1066 Pompeio
964 986 995 1049 in
1018 987 1131 1067 stipen-

61 1071 154 1134 dium.
185 1071 289 1133 Milites
301 1070 482 1133 Domitianos
498 1078 716 1134 sacramentum
731 1073 808 1152 apud
824 1092 855 1133 se
871 1072 966 1134 dicere
982 1072 1063 1135 iubet
1086 1082 1131 1136 at·
1154 1094 1168 1143 5

60 1176 121 1238 quo
136 1177 170 1218 eo
186 1157 233 1218 die
248 1163 342 1219 castra
357 1163 455 1218 movet
469 1155 640 1237 iustumque
661 1157 717 1220 iter
737 1158 853 1220 conficit
868 1177 907 1218 vn
928 1159 1051 1220 omnino
1068 1159 1130 1221 dies

59 1244 98 1306 ad
111 1243 276 1306 Corfinium
291 1250 490 1305 commoratus
505 1249 535 1304 et
549 1263 601 1323 per
616 1245 690 1306 lines
702 1244 946 1318 Marrucinorum,
963 1245 1129 1308 Frentano-

59 1348 140 1402 rum,
156 1328 338 1390 Larinatium
353 1327 384 1389 in
399 1327 535 1408 Apuliam
551 1329 691 1408 pervenit.

62 1540 137 1589 hatte
155 1537 203 1602 sic,
222 1553 263 1588 um
281 1537 337 1589 sicli
354 1537 426 1589 ihrer
443 1555 474 1589 zu
487 1538 571 1590 versi·
628 1567 661 1576 --
677 1541 725 1590 otri
741 1567 758 1575 -
775 1539 915 1590 constabat:
940 1553 968 1587 so
994 1539 1053 1590 dass
1078 1540 1134 1590 also

63 1608 153 1671 chero,
166 1605 192 1656 in
205 1606 247 1658 die
260 1606 334 1658 Stadt
346 1605 460 1671 gornfen.
627 1607 688 1658 lein
706 1606 880 1658 Privatbesitz
899 1607 1011 1657 verletzt
1029 1608 1133 1658 worden

628 1677 712 1741 wilre,
731 1676 794 1740 und,
808 1676 839 1725 du
858 1690 885 1725 es
904 1690 949 1725 aus
968 1675 1014 1726 dor
1033 1675 1134 1727 Staats-

99 1745 123 1794 3.
152 1745 265 1811 probibet
293 1745 339 1794 ab:
375 1745 449 1796 stollt
479 1745 572 1808 sicher,
627 1744 703 1796 lasse
727 1747 755 1793 in
777 1742 929 1811 rependium
948 1744 1003 1807 (zur
1020 1743 1134 1795 Auszab-

64 1812 168 1863 soliiitzt
185 1829 233 1864 vor
250 1841 290 1864 -.
314 1813 341 1863 B.
362 1812 391 1863 G.
411 1815 435 1877 5,
448 1813 489 1878 21,
505 1813 534 1876 13
549 1814 573 1877 6,
628 1812 850 1877 lungdesSoldes)
861 1819 1018 1863 entuommcn
1028 1814 1133 1864 worden

64 1883 107 1946 23,
121 1882 145 1931 9.
165 1910 197 1918 -
213 1881 430 1948 poucabquitur,
446 1880 524 1946 quod:
545 1898 574 1932 er
627 1898 691 1945 war,
720 1881 847 1931 Domitius
877 1879 971 1930 keinen
1000 1879 1136 1948 Ansprueh

64 1949 165 2016 sprieht
177 1966 225 2001 nur
235 1949 358 2015 Wenigcs
371 1949 419 2001 mit
430 1950 515 2015 ihnon,
529 1951 574 2000 das
628 1948 721 2001 darauf
729 1951 809 2000 hatte.

64 2018 140 2070 dorin
153 2018 269 2087 bertrand,
283 2019 342 2071 dass
355 2047 395 2068 --.
424 2017 495 2080 (lond
505 2035 575 2079 muas

63 2088 120 2138 also
139 2087 188 2138 mit
203 2103 284 2153 pauco
302 2086 448 2138 verbunden
461 2088 573 2151 werden,
663 2091 685 2138 5.
709 2091 897 2139 rememoratum
917 2086 988 2153 apud
1007 2105 1033 2137 so
1055 2089 1136 2139 dicero

65 2156 137 2206 nieht
160 2156 208 2206 mit
230 2155 354 2222 loquitor,
378 2156 443 2206 donn
465 2156 573 2220 loquitur
628 2158 662 2221 (2,
675 2157 722 2221 28,
735 2157 770 2219 2),
789 2156 837 2206 don
855 2155 1016 2219 Fahneucid‚
1029 2157 1077 2208 deu
1096 2157 1135 2208 sie

61 2227 178 2290 gratiam
190 2226 238 2274 sibi
247 2241 295 2275 non
307 2223 414 2275 relatam
423 2225 516 2275 konnte
527 2225 574 2275 cu-
627 2226 668 2276 bei
681 2226 737 2276 dem
749 2224 901 2290 Ucborgang
913 2241 944 2274 zu
957 2223 1039 2275 ciuem
1053 2241 1133 2276 neuen

65 2309 110 2344 sar
127 2292 200 2343 nicht
217 2308 302 2357 sagen.
333 2291 433 2344 Ebcnso
451 2293 488 2344 ist
506 2309 533 2343 cs
546 2293 572 2342 B.
627 2293 769 2345 Feldhcrru
788 2293 884 2344 diesem
902 2309 933 2342 zu
945 2294 1077 2344 sohwb'ren
1090 2296 1135 2344 ho·

65 2361 95 2413 G.
112 2361 134 2426 1,
147 2360 230 2425 tat:
259 2360 352 2412 Caesar
368 2363 573 2412 im‘tr'oorotionis
627 2363 683 2412 ben.
708 2362 924 2425 8.2,32,1-9.
943 2388 976 2397 -
994 2363 1136 2427 iustumque

64 2446 113 2480 sua
136 2433 286 2495 commotoque
315 2432 342 2479 in
371 2445 429 2481 oum
452 2430 573 2494 beneficia
626 2431 790 2495 iterconfico't.
805 2429 1137 2494 Dorltingererlulenthult

64 2501 277 2561 cotmnernorauit,
299 2495 366 2563 quod
376 2514 425 2548 roro
435 2497 573 2566 appellatur
626 2515 675 2550 vor
688 2499 834 2563 Corfinium,
848 2500 927 2549 durch
939 2498 987 2548 den
1001 2498 1134 2565 Pompeius

64 2571 128 2618 osset
145 2583 163 2617 α
179 2571 283 2629 cenatus·
302 2567 348 2618 der
366 2567 426 2618 Sutz
444 2567 492 2618 mit
509 2566 575 2631 quod
626 2575 740 2631 gercttct
757 2568 860 2631 wurde,
873 2566 935 2617 weil
954 2582 981 2617 es
999 2566 1051 2618 ihm
1066 2571 1136 2633 mo‘g-

65 2635 305 2701 erkliirtbenost'cto.
324 2663 357 2671 ——
375 2634 477 2686 dirm'ttt't
488 2651 573 2686 orumor
626 2636 679 2686 lich
696 2637 800 2700 wurde,
813 2636 884 2686 aeine
902 2635 1019 2701 Truppen
1037 2651 1136 2686 zusam-

65 2702 207 2755 iooolrmaer.
238 2704 326 2767 Vergl.
347 2703 446 2754 Ciisur’s
465 2704 572 2767 eigenen
626 2704 832 2767 menzubringcn,
857 2703 1019 2754 vcranlosstc
1045 2704 1133 2766 elisor,

64 2771 139 2824 Brief
148 2788 180 2823 an
191 2771 285 2839 Oppius
302 2771 354 2822 Cic.
367 2772 400 2822 ad
411 2772 465 2823 Att.
479 2773 503 2837 9,
517 2773 531 2821 'l
545 2772 571 2822 C.
626 2774 691 2823 noch
710 2774 773 2822 nach
790 2773 885 2835 Mittug
903 2771 1036 2821 desselben
1050 2771 1133 2834 Tages

626 2839 821 2904 oulzubrecben,
846 2855 887 2889 um
912 2839 956 2890 das
981 2839 1133 2891 Vorsiiumte

99 2910 124 2960 4.
143 2907 188 2960 HS
207 2906 258 2959 LX.
282 2931 316 2951 =
336 2911 477 2959 sestertium
496 2925 572 2959 sema·
626 2909 806 2960 uaobzulrolen.
836 2908 872 2959 Er
890 2908 959 2971 legte
978 2908 1134 2959 dabernooh

61 2981 121 3045 gies
138 2979 162 3028 d.
175 2977 192 3028 i.
204 2979 506 3043 seotertdummscrcugicc
518 2994 572 3028 cou-
626 2979 672 3028 das
691 2977 769 3029 ‘Mass
789 2977 835 3027 der
857 2975 1048 3040 gowbhulicbcu
1067 2978 1137 3029 Mur-

63 3052 124 3097 tona
134 3044 213 3096 mitt.
239 3046 264 3096 S.
276 3045 368 3112 Zumpt
385 3045 402 3112 ξ
420 3046 477 3097 813,
501 3046 573 3098 Nuob
627 3046 693 3096 sehe’
715 3048 811 3096 dustrem
830 3046 877 3096 iter
899 3046 928 3106 (s.
951 3061 981 3093 zu
1004 3045 1028 3108 3,
1050 3046 1091 3110 16,
1112 3046 1135 3108 l)

64 3129 174 3166 unsorcr
203 3113 340 3178 Recbnung
369 3114 433 3165 iiber
462 3115 572 3177 300,000
627 3115 730 3179 zuriick,
749 3131 790 3164 um
803 3114 951 3179 Pompeius,
964 3114 1054 3164 deran
1068 3115 1136 3165 dem-

63 3183 175 3247 Thulor,
194 3183 240 3233 der
258 3181 400 3233 Sestertius
418 3205 452 3225 =
467 3179 572 3248 135831.
627 3184 715 3234 selben
739 3183 809 3247 Tage
834 3198 884 3232 von
910 3182 1047 3232 Canusium
1071 3184 1135 3233 uach

64 3250 574 3384 nddtltdlllllttddtgld
626 3251 789 3370 11111δέ11
796 3251 1135 3370 ,tittlffdddlellt

712 3359 718 3384 ‚
1052 3357 1057 3368 .
1129 3357 1135 3368 .

63 3389 206 3452 dergclogt.
225 3416 258 3424 —
278 3387 410 3438 duumviri
426 3404 513 3439 waren
532 3387 573 3439 dio
628 3388 660 3438 ad
672 3388 726 3438 Att.
740 3389 763 3451 8,
777 3388 818 3451 14,
833 3389 859 3437 l:
869 3402 895 3436 oo
904 3387 976 3437 modo
985 3391 1071 3437 autem
1081 3403 1135 3436 arn·

63 3458 189 3508 blichsten
211 3455 426 3521 obriglieitlicbcn
445 3457 573 3508 Personcu
629 3456 696 3506 dodel
711 3455 735 3506 C.
750 3460 773 3505 ot
784 3457 817 3505 iio
828 3455 919 3506 diariis
929 3455 1039 3506 militum
1051 3454 1134 3505 celm-

64 3525 91 3575 in
105 3525 154 3575 den
166 3524 323 3591 Municipium
335 3524 386 3574 und
399 3524 528 3575 Colonien.
541 3553 574 3562 -
628 3529 703 3575 tatem
720 3526 820 3587 incitat,
840 3529 868 3574 ut
885 3525 985 3574 meeum
992 3560 1000 3587 ,
1020 3539 1051 3572 ne
1062 3525 1136 3573 citius

63 3591 273 3644 Dmnitioroddit.
306 3592 407 3643 Ebenso
420 3591 482 3659 App.
496 3593 519 3658 2,
533 3593 573 3644 38.
627 3591 851 3656 adBrurrdtrium,
871 3594 1077 3658 quomopusstt,
1093 3607 1134 3641 ao-

64 3661 166 3713 Anders
187 3659 293 3712 lreiliolr
304 3661 393 3712 wurdo
412 3677 439 3712 es
457 3678 507 3712 von
526 3663 573 3713 don
622 3663 734 3711 ces-comt.
756 3689 788 3697 -
807 3665 831 3711 ot
844 3676 890 3728 por
903 3661 974 3724 finos
987 3661 1132 3726 -peroent't

64 3729 280 3794 Partoigenosson
310 3729 417 3780 erziihlt.
459 3729 511 3780 Cic.
543 3729 574 3780 ad
628 3730 697 3780 Suet.
712 3729 783 3780 Caes.
797 3730 843 3780 34:
862 3727 998 3779 secundum
1015 3742 1136 3794 superum

64 3797 120 3851 Att.
141 3798 166 3864 8,
187 3798 227 3862 14,
241 3799 270 3848 3:
288 3796 358 3848 addit
369 3796 433 3847 illud
443 3797 572 3863 (Lepidus)
627 3814 697 3849 ruore
709 3796 878 3849 Brundisium
889 3796 1000 3859 tetendit,
1015 3811 1061 3861 quo
1077 3810 1134 3845 ooo-

63 3883 126 3919 rrmc
148 3864 286 3929 molestum,
309 3867 443 3933 pecuniam
465 3865 573 3917 Domitio
627 3866 694 3917 eoos
734 3865 918 3934 Pompeiusque
957 3865 1132 3929 confregerant,

63 3938 128 3987 catab
141 3933 270 4001 grandem
280 3963 297 3971 -
309 3951 358 3985 non
376 3950 429 3984 esse
440 3933 569 3985 redditam.
627 3951 703 4001 quom
712 3937 827 4003 primum
839 3934 1039 3999 tansfretoturt
