2572 4424
144 229 184 295 58
541 226 813 283 nesnuuocrvur

228 383 276 445 24.
307 382 467 462 Pompeius
481 381 529 444 his
544 381 632 445 rebus
647 382 786 465 cognitis,
802 402 877 463 quae
891 390 975 446 erant
990 384 1028 447 ad
1045 384 1210 449 Corfinium

140 476 252 550 gestae,
272 467 394 530 Luceria
414 467 608 549 proficiscitur
627 468 788 533 Canusium
808 476 895 550 atque
914 468 983 532 inde
1003 470 1208 536 Brundisium

104 571 119 620 2
141 556 247 635 Copias
262 554 394 634 undique
409 573 513 615 ornnes
529 574 563 614 ex
579 556 664 618 novis
680 555 839 617 defectibus
855 556 890 616 ad
906 574 937 617 se
952 555 1017 636 cogi
1032 556 1137 631 iubet3
1152 576 1209 621 ser-

141 660 201 711 101,
217 647 350 719 pastores
365 648 458 701 arruat
473 648 560 719 atque
581 640 616 701 iis
640 661 733 721 equos
748 640 894 702 attribuit:
916 660 951 701 ex
966 640 1015 703 his
1030 640 1153 707 circiter
1165 662 1209 705 cac

104 736 119 786 3
141 725 255 804 equites
275 724 401 786 conficit.
436 724 469 784 L.
486 725 611 786 llanlius
637 735 755 806 praetor
775 725 847 787 Alba
871 743 937 786 cum
959 726 1142 791 cohortibus
1164 748 1208 791 scr

140 810 283 890 profugit,
311 809 438 872 Rutilius
458 810 559 889 Lupus
580 820 697 890 praetor
719 811 875 874 Tarracina
901 828 970 872 cum
989 810 1110 887 tribus;
1138 832 1208 894 quaa

140 897 243 975 procul
254 896 416 975 equitatum
424 895 555 957 Caesaris
567 896 759 976 conspiratae,
772 895 817 958 cui
830 901 962 975 praeerat
973 894 1079 960 Vibius
1091 897 1206 971 Curius,

140 980 240 1042 relicto
252 987 385 1060 praetore
400 981 481 1061 signa
493 982 527 1043 ad
541 981 663 1043 Curium
678 982 862 1044 transferunt
877 989 965 1060 atque
977 981 1014 1043 ad
1027 1000 1100 1044 eum
1112 990 1207 1047 trans·

104 1081 120 1130 4
140 1074 221 1129 eunt.
252 1068 325 1128 ltem
341 1066 460 1146 reliquis
476 1066 630 1129 itineribus
646 1068 806 1128 nonnullae
821 1068 957 1129 cohortes
972 1066 1004 1129 in
1015 1086 1127 1147 agantur
1139 1070 1207 1133 Cae·

141 1151 222 1219 saris.
239 1152 310 1215 aliae
325 1152 356 1213 in
371 1153 485 1232 equites
501 1152 645 1214 incidunt.
677 1152 836 1215 Reducitur
851 1153 887 1215 ad
903 1170 972 1214 eum
987 1153 1160 1231 deprensus
1173 1174 1204 1217 er

139 1237 243 1300 itinere
273 1238 307 1299 N.
332 1237 442 1317 Magius
470 1238 628 1312 Cremona,
657 1238 822 1318 praefectus
850 1238 966 1301 fabrum
991 1238 1046 1300 Cn.
1077 1239 1204 1321 Pompei

103 1341 118 1389 5
140 1325 234 1397 Quem
246 1324 352 1385 Caesar
366 1324 403 1384 ad
415 1342 484 1384 eum
495 1324 617 1384 remittit
628 1343 697 1386 cum
710 1323 867 1386 mandatis:
885 1322 1027 1403 quoniam
1038 1324 1078 1387 ad
1090 1325 1122 1386 id
1133 1334 1205 1387 tem-

140 1428 196 1488 pus
216 1409 339 1471 facultas
356 1408 542 1489 colloquendi
563 1429 625 1470 non
646 1408 748 1481 fuerit,
770 1417 859 1489 atque
880 1409 943 1488 ipse
957 1408 1157 1471 Brundisium
1170 1409 1204 1471 sit
1226 1464 1234 1475 .

139 1500 290 1566 venturus,
303 1492 445 1555 interesse
456 1493 632 1573 reipublicae
644 1501 673 1556 et
685 1494 853 1556 communis
865 1492 976 1566 salutis,
990 1512 1022 1555 se
1034 1512 1107 1557 cum
1118 1496 1204 1557 Pom-

103 1593 118 1644 6
140 1578 205 1658 peio
221 1578 362 1658 colloqui3
377 1596 474 1658 neque
489 1598 556 1640 vero
572 1579 650 1640 idem
665 1579 766 1659 profici
781 1581 868 1659 longo
883 1577 999 1640 itineris
1015 1579 1124 1658 spatio,
1140 1598 1203 1641 cum

139 1683 193 1744 per
212 1664 284 1727 alios
305 1663 494 1726 condiciones
512 1664 663 1739 ferantur,
685 1683 718 1726 ae
739 1664 764 1726 si
780 1682 879 1726 coram
895 1665 931 1725 de
946 1662 1089 1727 omuibus
1106 1663 1204 1727 condi-

140 1749 278 1812 cionibus
296 1748 484 1829 disceptetur.

225 1834 275 1895 25.
305 1833 359 1895 His
375 1834 451 1896 datis
463 1833 609 1896 mandatis
621 1832 813 1896 Brundisium
825 1851 894 1894 cum
908 1829 1077 1912 legionibus
1094 1852 1125 1894 vr
1139 1851 1203 1914 par-

140 1917 227 1991 venit,
243 1917 388 1980 veteranis
403 1936 435 1977 ur
454 1924 484 1980 et
503 1917 637 1999 reliquis,
660 1938 734 2000 quas
755 1938 790 1980 ex
811 1936 887 1980 novo
909 1917 1024 1978 delectu
1039 1918 1205 1981 confecerat

104 2014 120 2063 2
141 2008 230 2082 atque
240 2003 271 2064 in
283 2002 387 2064 itinere
398 2004 608 2082 compleverat3
623 2001 804 2066 Domitianas
819 2002 899 2064 enim
914 2002 1053 2065 cohortos
1067 2003 1205 2081 protinus

139 2108 156 2150 a
177 2087 307 2149 Corfinio
327 2086 359 2148 in
379 2086 507 2149 Siciliam
529 2088 658 2152 miserat.
695 2088 816 2168 Reperit
836 2087 973 2149 eonsules
989 2080 1205 2166 Dyrrhachium

138 2173 287 2253 profectos
299 2190 367 2234 cum
380 2190 484 2252 magna
495 2180 578 2253 parte
589 2173 742 2246 exercitus,
760 2171 936 2254 Pompeium
946 2189 1103 2235 remanere
1109 2172 1206 2237 Brun·

173 2335 228 2396 24.
247 2344 269 2395 l.
282 2345 322 2395 ab
333 2345 407 2396 raban
416 2346 521 2410 cognitis
530 2344 566 2396 ist
575 2345 646 2397 nicht
698 2343 745 2396 anf
753 2345 811 2396 aina
824 2343 1002 2410 Uuterradung
1013 2359 1070 2410 aus,
1081 2344 1136 2398 wia
1149 2363 1171 2399 c.
1183 2346 1206 2411 t,

138 2412 244 2475 richtig,
254 2412 285 2462 da
294 2411 428 2478 Pompeius
437 2413 509 2464 nicht
518 2420 573 2463 arat
581 2415 645 2464 nach
699 2414 722 2463 6.
738 2412 806 2464 'blan
824 2412 929 2464 beaebta
948 2413 993 2463 das
1009 2412 1125 2464 herulos
1140 2414 1206 2465 klin-

139 2481 185 2530 der
208 2480 349 2531 Nacbricbt
370 2497 418 2530 von
440 2482 486 2531 dcr
505 2479 644 2533 Biunahme
698 2482 779 2544 ganda
803 2484 876 2546 atque
893 2483 947 2548 ipsa
963 2480 1007 2530 Br.
1032 2482 1067 2531 att
1084 2486 1205 2535 vanhaeua

139 2548 289 2599 Corfiniums
307 2548 395 2599 sainen
413 2548 533 2613 lliiehzug
550 2556 645 2614 antrat,
697 2550 748 2598 und
761 2548 803 2600 dia
815 2548 859 2599 W.
872 2564 950 2614 raeque
966 2563 1023 2599 vero
1034 2548 1103 2600 idam
1113 2550 1207 2619 profici

139 2616 248 2667 sondern
266 2632 306 2668 am
318 2617 359 2667 20.
373 2618 450 2667 sebon
469 2617 496 2667 in
509 2616 644 2667 Canusium
698 2646 714 2653 -
737 2616 893 2684 disceptatur,
918 2615 1004 2681 gleicb
1028 2616 1068 2668 als
1093 2618 1127 2669 ob
1151 2618 1205 2669 sain

139 2701 201 2736 war.
221 2685 274 2736 Cic.
284 2686 316 2737 ad
324 2685 379 2736 htt.
390 2686 414 2750 8,
427 2687 466 2750 14,
478 2687 500 2737 1.
510 2684 640 2753 -Pomp
698 2685 801 2736 Maraeb
819 2700 868 2735 nur
884 2685 933 2735 den
950 2684 1045 2735 Zwack
1064 2685 1140 2738 ainar
1155 2686 1204 2737 Zu-

138 2783 153 2791 -
167 2755 238 2804 tubat.
264 2753 316 2804 Der
327 2752 401 2805 Brief
410 2755 454 2805 das
467 2753 600 2820 Pompeius
613 2770 644 2805 au
698 2750 884 2803 sammenkunft
894 2753 942 2804 mit
954 2752 1089 2820 Pompeius
1101 2756 1182 2806 hdbta.

137 2821 598 2887 dieConsulnCic.adAtt.8,12A.
732 2815 1012 2871 25.1.Brcndutam
1085 2858 1102 2888 .,
1122 2838 1164 2874 am
1180 2822 1203 2873 1.

171 2891 195 2940 2.
213 2905 296 2941 socos
313 2895 403 2941 otram
441 2890 564 2941 Dassehc
587 2892 645 2941 thut
697 2889 778 2953 hltirz,
791 2888 844 2940 Cic.
857 2889 889 2939 ad
900 2886 955 2939 Att.
968 2888 1018 2952 9,1
1038 2888 1070 2955 A,
1086 2891 1204 2941 l.—oa·

137 2957 193 3007 sein
208 2958 274 3008 Sohn
288 2958 312 3021 3,
322 2958 381 3022 4,4.
393 2986 426 2996 -
438 2974 484 3009 eoo
507 2961 553 3009 cit:
567 2958 607 3021 15,
621 2959 644 3008 5.
698 2959 793 3008 ments
811 2957 903 3020 tribaca,
924 2957 971 3007 dar
989 2956 1028 3006 13.
1043 2957 1074 3021 (c.
1090 2958 1148 3024 12),
1160 2958 1204 3010 dar

172 3025 196 3074 4.
215 3022 245 3075 Ν.
273 3024 430 3088 (Numerius)
455 3028 558 3090 ragusea
585 3023 643 3075 Cre·
700 3024 1202 3089 1211.15)1111118.1ο.18).-11-

137 3107 242 3142 mona:
257 3091 433 3147 Cronuoenuh.
459 3091 513 3142 Zur
524 3091 645 3143 Bazelch-
698 3109 744 3159 qua
762 3121 780 3130 -
798 3092 966 3161 compleverat
1004 3091 1074 3143 Bazu
1092 3096 1203 3157 gabdrcu

138 3174 206 3224 nung
223 3160 269 3210 der
280 3158 398 3210 Haimatb
416 3160 505 3211 stebeu
522 3160 644 3211 maistans
698 3161 739 3212 dia
752 3160 783 3210 10
794 3159 920 3210 Coborten
930 3160 974 3210 das
983 3158 1109 3212 Lentulus
1123 3163 1155 3228 (a.
1164 3162 1202 3225 15)

137 3225 284 3291 Adiectiva,
296 3226 422 3277 zuweilen
434 3225 496 3278 abar
508 3228 572 3278 auch
581 3227 645 3279 Sub·
698 3228 740 3280 dio
760 3229 774 3279 7
793 3227 920 3279 Cohortan
939 3227 984 3278 das
1002 3227 1092 3279 Attius
1112 3232 1145 3295 (c.
1165 3230 1201 3291 18)

139 3294 262 3358 stautiva,
276 3295 454 3346 Stiidtenaman
468 3295 494 3345 in
508 3297 563 3347 dem
576 3295 645 3345 blos-
698 3296 818 3346 unddiab
830 3295 1202 3351 desManuusundaaeshuti-

137 3378 183 3415 sen
200 3361 321 3426 Ablativ,
335 3362 525 3414 Lfiudcrnameu
542 3363 590 3415 mit
600 3380 641 3414 cx.
698 3364 749 3413 lius
761 3364 846 3430 Lupus
860 3363 955 3426 (1.24).

136 3430 644 3497 Vergit,71,1undu.u.5,27,1.
732 3431 756 3481 2.
775 3431 933 3482 Domitianus
960 3433 1027 3483 mm
1055 3433 1167 3485 cohortes
1188 3461 1202 3470 -

136 3499 648 3632 affftftftffhfmlfdldlf
697 3500 912 3636 atra-...lu
930 3498 1202 3622 latuerat

136 3636 178 3686 dia
193 3634 484 3700 Belagerungsarbeitan
502 3638 553 3686 und
570 3637 650 3701 butte,
695 3638 787 3687 herten
795 3635 901 3686 Asinius
910 3635 1005 3700 Pollio,
1014 3635 1060 3687 dar
1069 3653 1117 3689 vor
1126 3638 1202 3691 Curio

136 3704 177 3755 die
189 3704 511 3768 Belagerungsmasebinen
532 3707 582 3755 und
600 3705 642 3755 die
697 3706 761 3756 nach
773 3704 880 3755 Sicilien
892 3704 964 3769 kam,
983 3705 1086 3755 dorthin
1099 3706 1203 3771 gafrihrt

137 3770 278 3823 Gescbiitze
290 3781 367 3823 unter
379 3772 441 3823 sich.
696 3774 785 3823 haben.
803 3801 836 3809 —
854 3775 946 3839 reperit
962 3801 980 3808 -
993 3774 1129 3840 prqfaetoc.
1160 3775 1202 3826 Sic

171 3842 245 3892 5-6.
267 3844 386 3907 quonium
397 3870 413 3876 -
426 3840 579 3909 dtsoeptatur.
595 3841 642 3891 Ca·
697 3857 782 3891 waren
801 3858 840 3891 arn
858 3841 881 3890 4.
900 3840 972 3891 M‘airz
990 3840 1122 3906 abgareist
1139 3845 1202 3895 uach

136 3923 180 3959 aar
197 3910 296 3975 spricht
311 3909 370 3961 hier
388 3909 501 3961 diuselba
518 3910 642 3974 Holfuung
697 3911 750 3961 Cic.
763 3911 794 3959 ad
806 3907 861 3960 Ata.
874 3910 898 3974 9,
912 3910 936 3974 6,
950 3910 973 3959 2.
986 3938 1019 3947 -
1037 3926 1095 3960 mem
1107 3927 1202 3978 magam
