2572 4424
123 283 186 344 256
516 278 791 335 nnnnnnoclvlhl

120 436 237 497 circiter
247 436 326 497 milia
336 454 374 499 xv
385 435 527 496 cecidisse
535 434 720 507 ridebantur,
733 434 831 495 sedin
844 432 1026 494 deditionem
1038 441 1188 494 venerunt

118 521 245 601 amplius
260 521 340 581 milia
355 539 436 580 xxnn
459 524 600 600 (namque
621 521 709 582 etiam
730 521 876 592 cohortes,
897 537 974 598 quae
991 518 1139 598 praesidio
1154 519 1186 579 in

119 605 378 679 castellisfuerant
386 625 453 667 sese
466 607 563 667 Sullae
574 606 774 681 dediderunt),
785 605 872 665 multi
883 611 1037 684 praeterea
1047 604 1079 664 in
1091 605 1186 665 liniti-

81 702 99 752 4
118 710 183 752 mas
199 691 332 752 civitates
347 692 532 772 refugerunt,
548 692 691 771 signaque
702 691 840 752 mihtaria
851 708 887 751 cx
902 689 1013 769 proelio
1027 690 1066 750 ad
1078 689 1187 750 Caesa-

117 795 184 836 rem
198 785 270 837 sunt
283 778 376 839 relata
391 796 482 837 cnm
497 786 528 838 ct
542 777 655 856 aquilae
669 795 740 837 run
771 776 805 836 L.
819 775 969 836 Domitius
984 795 1021 836 ex
1034 775 1141 835 castris
1153 774 1184 834 in

119 869 254 922 montem
274 862 442 941 refugiens,
463 882 532 923 cum
547 863 624 922 vires
646 880 716 922 cum
735 861 910 922 lassitudine
930 860 1127 932 defecissent,
1148 859 1185 921 ab

118 946 268 1025 equitibus
284 956 329 1008 est
344 948 528 1010 interiectus
807 944 810 950 ’

205 1031 275 1093 100.
292 1031 406 1113 Eodem
420 1040 556 1112 tempore
570 1031 604 1091 n.
619 1031 737 1093 Laelius
749 1049 818 1092 cum
833 1032 926 1091 classe
941 1030 977 1091 ad
988 1029 1184 1091 Brundisium

119 1116 200 1178 venit
211 1117 374 1198 eademque
384 1118 509 1190 ratione,
522 1135 580 1196 qua
590 1117 701 1194 factum
714 1116 855 1178 ahibonc
867 1125 954 1177 antea
966 1115 1186 1176 demonstrari-

81 1217 96 1267 2
119 1221 195 1275 mus,
209 1202 339 1263 insulam
353 1203 500 1263 obiectam
516 1201 617 1281 portui
630 1201 814 1263 Brundisino
826 1201 935 1262 tenuit.
967 1200 1111 1262 Similiter
1126 1201 1185 1261 Va-

116 1287 216 1359 tinius,
231 1289 282 1366 qui
292 1287 452 1348 Brundisio
466 1296 611 1366 praeerat,
627 1288 712 1348 tectis
727 1287 940 1365 instructisque
952 1286 1188 1364 scaphiselicuit

117 1390 208 1433 naves
222 1371 376 1433 Laelianas
392 1381 480 1452 atque
494 1391 530 1434 ex
544 1373 591 1433 his
605 1373 722 1451 longius
738 1373 913 1452 productam
927 1388 1021 1432 unam
1035 1371 1186 1451 quinque-

117 1476 231 1518 remem
247 1466 278 1519 et
292 1458 426 1519 minores
438 1458 517 1519 duas
536 1458 568 1518 in
583 1458 727 1536 angustiis
747 1466 853 1537 portus
871 1457 959 1537 cepit,
979 1457 1116 1536 itemque
1131 1475 1186 1536 per

82 1549 97 1599 3
120 1543 236 1623 equites
251 1543 413 1623 dispositos
430 1563 505 1623 aqua
515 1544 677 1623 prohibere
689 1543 854 1605 classiarios
870 1542 1010 1605 instituit.
1036 1541 1099 1603 Sed
1109 1542 1186 1603 Lae-

118 1627 174 1688 hus
195 1636 332 1708 tempore
348 1629 421 1690 anni
441 1629 644 1691 commodiore
664 1648 740 1690 usus
760 1630 798 1690 ad
817 1628 1018 1708 navigandum
1039 1627 1187 1689 onerariis

119 1713 244 1773 navibus
260 1713 385 1794 Corcyra
400 1714 642 1794 Dyrrhachioque
662 1733 771 1794 aquam
786 1714 850 1775 suis
870 1711 1067 1792 supportabat
1086 1730 1187 1793 neque

82 1803 98 1851 4
120 1799 295 1878 aproposito
303 1799 508 1862 deterrebatur
518 1817 617 1879 neque
628 1808 696 1860 ante
706 1799 856 1878 proelium
866 1800 897 1859 in
910 1797 1062 1880 Thessalia
1072 1798 1187 1860 factum

119 1885 271 1961 cognitum
291 1893 342 1946 aut
357 1884 521 1963 ignominia
539 1887 718 1946 amissarum
738 1885 861 1946 navium
875 1891 927 1945 aut
947 1883 1186 1945 necessariarum

117 1984 220 2029 rerum
234 1969 334 2048 inopia
349 1989 386 2030 ex
399 1979 488 2048 portu
503 1971 660 2050 insulaque
677 1971 782 2049 expelli
796 1969 903 2047 potuit
1047 2018 1051 2025 .

205 2053 277 2114 101.
295 2055 395 2116 Isdem
414 2055 476 2117 iere
498 2055 687 2135 temporibus
705 2054 824 2116 Cassius
845 2073 914 2115 cum
927 2053 1021 2114 classe
1041 2053 1187 2133 Syrorum

118 2147 149 2200 et
162 2139 345 2202 Phoenicum
361 2148 392 2200 et
407 2140 532 2202 Cilicum
543 2141 575 2200 in
591 2140 721 2202 Siciliam
735 2140 824 2214 venit,
841 2149 871 2201 et
882 2158 952 2200 cum
962 2147 1043 2200 esset
1053 2139 1188 2201 Caesaris

120 2225 221 2287 classis
233 2225 327 2287 divisa
336 2226 370 2287 in
383 2226 454 2286 duas
465 2234 575 2305 partes,
587 2225 726 2287 dimidiae
739 2226 817 2304 parti
831 2233 984 2306 praeesset
995 2223 1026 2284 P.
1037 2224 1190 2304 Sulpicius

120 2319 239 2390 praetor
250 2311 364 2372 Vibone
381 2312 417 2372 ad
429 2311 551 2384 fretum,
564 2311 704 2373 dimidiae
715 2311 753 2372 lt
766 2311 949 2390 Pomponius
960 2310 996 2371 ad
1008 2309 1188 2385 Messanam,

120 2395 204 2475 prius
220 2396 338 2457 Cassius
353 2397 388 2457 ad
405 2397 570 2459 Messanam
586 2397 880 2471 navibusadvolavit,
896 2395 985 2476 quam
1000 2395 1189 2476 Pomponius

82 2490 98 2540 2
120 2480 157 2541 de
173 2481 238 2541 eius
254 2481 384 2543 adventu
397 2491 601 2562 cognosceret,
612 2481 880 2563 perturbatumque
892 2500 962 2543 eum
974 2487 1082 2542 nactus
1097 2481 1189 2542 nullis

118 2674 178 2728 τοῖς
196 2675 306 2737 νεκροῖς
324 2665 434 2737 εὑρέθη,
451 2667 484 2720 au
498 2666 626 2740 ἀριστεῖα
679 2671 842 2721 Brundisium
863 2672 1000 2723 onmandat
1014 2672 1131 2738 worden,
1147 2687 1188 2724 m

118 2735 134 2789 ὁ
161 2742 276 2807 Καῖσαρ
303 2733 377 2806 αὐτῷ
406 2739 556 2807 περιέθηκε
579 2739 626 2789 zui
679 2738 1188 2806 denllcstdcr'l'ruppcnuaclznholon.

119 2808 276 2873 anteludia,
301 2807 347 2859 nul
367 2803 460 2888 scirpos*
486 2804 626 2871 ἐξαίρετον
679 2835 712 2844 -
732 2810 816 2858 lacau:
842 2810 865 2872 1,
888 2808 930 2872 06,
955 2809 977 2858 1.
1002 2836 1032 2847 -
1056 2811 1188 2861 mutetis

118 2870 270 2938 ἀνέστησεν
279 2873 362 2943 ἐγγὺς
370 2873 625 2944 rouuoluardplou.
678 2875 755 2927 siml.
767 2876 944 2927 murmontis:
964 2877 1142 2943 somnusue
1166 2894 1187 2928 c.

154 2943 177 2992 3.
188 2945 290 2994 waler
300 2943 353 2994 mal.
366 2943 426 2995 XV.
444 2942 625 3010 NaehAppm.
680 2943 738 3008 111,
750 2943 775 2994 3.
793 2941 821 2994 B.
834 2943 864 2995 C.
878 2946 904 3009 5,
915 2944 978 3009 2,2.

119 3009 181 3061 a.0.
190 3010 343 3077 behaupteto
352 3012 458 3062 Asinius
467 3010 625 3075 Pollio‚dass
713 3011 736 3062 3.
759 3029 838 3078 neque
855 3011 1041 3066 mahar:
1062 3013 1090 3066 S
1114 3030 1148 3066 au
1166 3013 1188 3079 l,

120 3093 168 3127 nur
180 3076 247 3126 6000
258 3077 371 3140 gelalluu
383 3081 466 3130 scion.
678 3079 721 3143 44,
732 3079 758 3130 1.
1120 3108 1123 3113 -

153 3145 179 3195 4.
207 3143 236 3194 b.
259 3145 385 3196 Boauda'aaa
406 3174 425 3184 -
446 3148 479 3197 ab
500 3147 626 3210 equitibus
679 3144 1188 3217 141.ιιιιίιιριικὶιῖιιιιιιήΥΙιΙιιοίιιιιι

118 3216 155 3262 eat
165 3212 326 3277 interfectus.
354 3214 406 3265 Cio
421 3212 487 3265 Phil.
500 3214 525 3277 2,
539 3213 581 3278 10,
594 3215 622 3265 'll
679 3217 814 3280 cegedune
840 3216 879 3267 Da
891 3219 918 3266 in
929 3213 973 3267 Tu
982 3219 1092 3283 suetum
1103 3219 1188 3287 Appo-

119 3279 279 3342 sagtroull.
289 3279 427 3333 Antonius:
439 3280 469 3333 b.
479 3281 625 3348 Romaim
679 3282 760 3333 sitien
776 3283 820 3346 ist,
836 3286 881 3335 hat
895 3285 938 3335 die
956 3285 1127 3352 Verbindung
1138 3290 1186 3353 sa·

118 3347 288 3397 christianum
303 3353 328 3399 et
346 3349 529 3400 uodibasimum
539 3351 625 3401 uirum
677 3355 745 3402 emm
761 3354 891 3417 coffinum
907 3353 994 3404 nichts
1011 3353 1187 3407 Aulialleudss

109 3414 258 3489 *occideras
303 3417 442 3484 medosque
485 3422 622 3486 masma,
677 3420 727 3469 und
740 3419 776 3471 ist
790 3421 862 3471 nicht
876 3436 908 3472 au
921 3422 1005 3486 vosge
1016 3422 1068 3474 mit
1079 3423 1187 3487 stellas,

118 3497 180 3548 quoa
194 3483 293 3548 cauae
311 3490 340 3537 ut
353 3487 492 3550 manulloa,
505 3487 625 3552 fortusse
677 3486 767 3537 wiell.
782 3485 811 3538 G.
827 3489 851 3551 8,
867 3489 906 3553 13,
919 3489 951 3539 2:
963 3493 1054 3556 paucis
1068 3495 1186 3543 mba-

117 3555 252 3614 servasset,
283 3552 453 3606 crudelissime
480 3559 625 3622 peracutus
676 3554 907 3622 tibuatiatcrscott'a,
924 3557 1090 3611 oderabend.
1104 3560 1186 3625 20,2:

118 3619 274 3671 truoeiiarua.
674 3625 765 3689 paucis
779 3627 853 3689 atquo
867 3626 909 3677 lau
920 3625 1062 3678 vulneratis
1074 3631 1186 3696 nequ.

155 3681 226 3739 1⁰00
248 3689 271 3740 1·
290 3689 322 3741 D·
339 3689 453 3742 Min-⁹
474 3709 496 3742 0.
514 3692 538 3754 5,
553 3692 578 3742 3.
590 3717 624 3729 ···
714 3683 785 3743 1⁰10
805 3693 827 3745 l·
846 3693 962 3745 06810ωέ
984 3709 1007 3745 0.
1024 3697 1050 3761 5,
1066 3694 1093 3749 3.
1109 3723 1144 3735 -·
1158 3695 1186 3747 ὰ

119 3753 344 3810 abhorrescit.
360 3761 402 3810 1..
527 3769 529 3775 ’
675 3757 784 3811 mma
804 3767 970 3827 cognosces-at.
1003 3763 1029 3814 S.
1052 3779 1086 3815 su
1105 3765 1135 3817 B.
1157 3762 1184 3816 C.

155 3823 179 3872 2.
192 3822 328 3877 Similiter:
344 3824 624 3890 unaucuwieosltn·
677 3825 702 3890 1,
713 3827 756 3891 42,
770 3829 793 3879 l.

120 3889 414 3955 turiusnaohtmtl.
437 3890 622 3957 DerhntP.
709 3894 735 3947 2.
757 3895 978 3949 mlluosdudata
994 3899 1186 3966 mumditi-

67 3976 71 3985 »
120 3952 240 4010 Vatinius
250 3959 330 4023 Qloban
346 3976 371 4013 c.
388 3961 430 4028 10,
445 3962 471 4026 2)
487 3976 544 4014 war
554 3961 624 4031 narb
675 3961 722 4015 dtu
732 3960 983 4020 enumeratam
993 3967 1184 4027 mansuesco
