2572 4424
523 246 563 300 m.
579 249 685 301 11-14.
1075 254 1136 315 177

160 401 210 464 13.
225 404 264 464 At
276 403 437 484 Pompeius
449 404 573 483 cognitis
588 405 636 466 his
651 405 751 480 rebus,
768 425 844 484 quae
856 403 1032 468 erant'Orici
1045 415 1134 487 atque

70 489 242 570 Apolloniae
254 490 550 571 gestaeoyrrhachic
562 491 680 566 timens,
689 493 802 553 diurnis
815 512 850 553 eo
858 493 1072 574 nocturnisque
1084 494 1134 554 iti-

69 575 190 637 neribus
205 576 366 638 contendil.
400 577 496 638 Simul
513 576 619 638 Caesar
633 578 868 658 appropinquare
883 579 1048 653 dicebatur,
1066 588 1134 641 tan-
1155 590 1182 640 2.

69 670 177 742 tusque
192 668 290 722 terror
301 661 403 723 incidit
420 662 482 724 eius
498 662 645 735 exercitui,
663 665 743 744 quod
760 683 923 744 properans
940 675 1059 727 noctem
1076 666 1133 727 diei

68 749 266 809 coniunxerat
285 766 384 828 neque
404 749 461 810 iter
474 748 687 821 intermiserat,
710 759 743 811 ut
762 769 854 829 paene
873 771 979 812 omnes
995 773 1031 813 er
1045 751 1134 831 Epiro

67 833 262 913 finitimisque
277 835 446 913 regionibus
459 835 541 912 signa
556 835 767 914 relinquerent,
783 838 951 916 complures
968 857 1049 899 arma
1064 857 1135 917 pro-

67 920 180 981 luerent
188 920 313 999 aclugae
320 921 416 981 simile
428 920 649 982 itervideretur.
673 922 732 983 Sed
744 925 1132 1003 compropellyrrhachium
1154 934 1169 984 3

26 1036 30 1043 ·
66 1006 229 1086 Pompeius
241 1007 422 1068 constitisset
433 1015 586 1086 castraque
598 1008 702 1068 metari
714 1008 858 1081 iussisset,
874 1011 1030 1088 perterrito
1043 1010 1133 1072 etiam

67 1100 129 1153 tum
147 1092 282 1153 exercitu
301 1093 440 1173 princeps
460 1091 609 1153 Labienus
630 1094 763 1172 procedit
782 1095 918 1175 iuratque
934 1116 965 1157 se
980 1115 1049 1156 eum
1070 1114 1133 1156 non

66 1178 257 1240 deserturum
272 1181 460 1260 eundemque
476 1198 576 1240 casum
593 1178 773 1253 subiturum,
790 1199 1011 1261 quemcumque
1027 1181 1053 1241 ci
1070 1182 1133 1242 for·

65 1272 138 1326 tuna
154 1264 318 1326 tribuisset.
349 1265 412 1327 Hoc
427 1265 507 1327 idem
522 1265 628 1346 reliqui
643 1264 743 1326 iurant
757 1266 858 1344 legati,
877 1267 987 1328 tribuni
1004 1267 1131 1329 militmn
1153 1282 1170 1331 4

65 1350 321 1431 centurionesque
342 1361 524 1431 sequuntur,
545 1359 633 1431 atque
654 1352 732 1413 idem
755 1351 853 1413 omnis
875 1355 1022 1415 exercitus
1044 1354 1131 1415 iurat.

65 1436 174 1499 Caesar
189 1446 403 1518 praeoccupato
424 1438 532 1499 itinere
552 1438 589 1499 ad
609 1437 823 1516 Dyrrhachium
844 1440 934 1499 linem
957 1440 1132 1519 properandi
1153 1454 1168 1502 5

64 1522 134 1585 facit
154 1530 308 1603 castraque
328 1524 364 1587 ad
391 1525 503 1586 llumen
527 1524 640 1603 Apsum
666 1524 750 1603 ponit
770 1524 801 1584 in
827 1525 936 1585 finibus
962 1524 1133 1604 Apollonia-

64 1609 151 1681 tium,
174 1617 209 1670 ut
224 1609 347 1670 castellis
362 1610 524 1691 vigiliisque
538 1609 614 1671 bene
632 1611 755 1670 meritae
770 1609 902 1670 civitates
917 1617 999 1671 tutae
1021 1620 1130 1685 essent,

65 1693 167 1775 ibique
187 1695 369 1775 reliquarum
390 1716 425 1757 ex
444 1696 523 1758 ltalia
548 1696 698 1775 legionum
726 1697 885 1757 adventum
912 1706 1080 1775 exspectare
1103 1705 1133 1758 et

65 1781 120 1843 sub
141 1780 270 1860 pellibus
292 1781 423 1843 hiemare
444 1782 603 1843 constituit.
645 1781 708 1843 Hoc
727 1782 807 1844 idem
828 1782 989 1861 Pompeius
1011 1782 1082 1843 fecit
1103 1791 1133 1844 et
1152 1798 1168 1849 6

63 1874 147 1928 trans
164 1866 280 1928 flumen
294 1867 409 1947 Apsum
430 1868 535 1948 positis
550 1867 655 1929 castris
671 1888 705 1929 eo
721 1868 819 1946 copias
840 1886 945 1928 omnes
967 1868 1132 1948 auxiliaque

66 1952 220 2014 conduxit.

152 2039 210 2123 14..
219 2038 343 2101 Calenus
357 2038 525 2118 legionibus
541 2037 751 2119 equitibusque
766 2037 906 2101 Brundisi
921 2039 951 2098 iu
970 2058 1060 2100 naves
1075 2040 1133 2101 im-

63 2125 178 2203 positis,
192 2134 227 2186 ut
237 2124 659 2205 eralpraeceptumaCaesare,
672 2134 817 2204 quantum
830 2126 950 2186 navium
963 2126 1132 2187 facultatem

64 2209 207 2285 habehat,
228 2228 318 2271 naves
339 2211 425 2272 solvit
445 2212 625 2290 paulumque
647 2229 664 2270 a
684 2219 772 2289 portu
794 2229 968 2289 progressus
988 2211 1132 2272 litterasa

64 2295 187 2358 Caesare
202 2296 319 2376 accipit,
335 2296 444 2377 quibus
456 2305 501 2357 est
513 2297 622 2357 certior
633 2297 737 2370 lactus,
753 2305 857 2376 portus
872 2297 1016 2376 litoraque
1032 2297 1131 2358 omnia

63 2382 208 2445 classibus
220 2383 454 2444 adversariorum
467 2383 571 2443 teneri.
596 2382 661 2455 Quo
675 2383 792 2462 cognito
805 2402 836 2442 se
851 2383 883 2443 in
894 2393 1015 2461 portum
1026 2382 1132 2461 recipit
1151 2399 1167 2448 2

60 2587 108 2642 per
126 2588 222 2639 agmen
237 2573 345 2623 hortium
364 2575 569 2640 perequitas-
658 2575 681 2621 5.
695 2577 877 2640 praeoccupato
898 2575 1001 2623 elicuere:
1024 2572 1130 2624 aPom-

63 2646 116 2692 set.
154 2642 251 2694 Ebend.
276 2643 318 2706 61,
340 2644 367 2692 5:
387 2657 468 2709 parua
491 2658 569 2691 cuano
622 2641 688 2707 pelo.
712 2640 798 2691 Dureh
813 2644 857 2692 das
869 2641 1073 2691 Zuvorkommen
1086 2644 1130 2692 des

62 2714 155 2774 missa,
179 2727 243 2776 quae
258 2714 355 2760 tontum
371 2709 568 2778 progrediar·
622 2709 1130 2775 Pompeiuswarll'aisur'sPlanrereitelt,

63 2783 127 2842 tur,
157 2784 283 2845 quantum
299 2794 375 2829 tenues
389 2782 568 2846 processis·
623 2793 765 2840 weswegen
783 2795 811 2829 er
826 2778 924 2828 anhielt
935 2780 986 2827 und
1002 2779 1058 2828 sich
1071 2794 1130 2828 vcr-

62 2853 137 2899 cent.
159 2876 194 2885 -
214 2847 298 2899 Ueber
323 2848 364 2898 die
385 2847 487 2898 Formel
508 2865 571 2913 quac
623 2848 749 2896 schanzte.
767 2874 801 2883 —
817 2847 970 2911 ee'g‘ilie'sque,
995 2864 1016 2896 c.
1040 2848 1080 2911 15,
1102 2847 1129 2895 2:

63 2915 479 3052 ‘'”li'dmid‘l‘biiiubdb
502 2919 570 3036 'acii
620 2914 982 3035 tlttt‘ttssdz'tttttllli
996 2915 1131 3034 blut}

139 3017 149 3037 0
188 3023 195 3035 ο
478 3022 485 3047 p
983 3021 989 3032 ο

61 3055 205 3117 allerdings
223 3055 313 3105 suehte
330 3053 411 3104 cesar
426 3070 474 3104 vor
487 3052 570 3103 Allem
622 3056 727 3104 auerdae
739 3056 849 3103 ciuitates
860 3054 917 3103 sind
930 3053 1068 3119 Apollonia
1080 3054 1130 3103 und

61 3124 150 3177 diesen
163 3122 222 3187 Ort,
236 3138 275 3173 wo
288 3123 341 3174 alle
353 3119 570 3186 h'riegsvorrilthe
624 3123 736 3174 Oricum.
759 3149 792 3158 -
813 3123 859 3171 sach
877 3121 983 3188 pellibus
1003 3124 1130 3172 lcterrrare:

60 3192 107 3245 der
131 3191 301 3259 Pompeianer
325 3192 454 3254 vereinigt
474 3206 570 3255 waren,
624 3191 650 3240 in
675 3191 779 3253 Zelteu,
809 3191 858 3241 wie
879 3193 905 3240 in
934 3192 981 3240 den
1004 3192 1131 3241 Summer-

60 3278 92 3311 zu
104 3260 249 3313 erreicheu.
623 3258 779 3322 leldlagern,
813 3276 841 3308 so
870 3261 930 3310 dass
967 3260 1022 3310 ulso
1055 3260 1131 3309 hoino

94 3332 119 3381 2.
143 3332 200 3380 eno
219 3331 243 3380 d.
265 3329 283 3379 i.
303 3328 420 3395 Pompei,
441 3329 487 3378 der
508 3329 570 3378 auch
624 3327 801 3391 Winterlagcr
823 3330 943 3392 (lacteae)
964 3330 1011 3378 mit
1035 3330 1082 3377 den
1103 3328 1131 3376 in

60 3398 168 3451 Sobicct
186 3414 220 3448 zu
237 3399 403 3448 wadtnoeerat
422 3398 473 3447 und
495 3399 569 3446 iuter·-
624 3397 760 3446 denselheu
791 3398 984 3458 gewtihnlichou
1017 3395 1130 3446 lectoren

59 3471 169 3519 mm
185 3468 230 3517 ist.
248 3495 276 3504 —
296 3466 360 3532 quod
375 3482 516 3534 properans
537 3494 570 3501 —
625 3464 792 3526 Wohnuugen
816 3466 993 3529 (biberrraeula)
1018 3465 1130 3526 bezogen

59 3538 239 3589 numanum
295 3535 347 3587 Der
391 3533 479 3586 Gruud
526 3534 570 3584 des
623 3536 737 3583 wurdeu.

60 3604 221 3657 Sehreckeus
241 3602 284 3654 nir
304 3605 345 3654 die
367 3604 489 3655 Soldateu
507 3619 570 3665 war,
660 3594 710 3654 ll.
725 3603 746 3651 1,
764 3602 882 3653 Galeam:
895 3621 915 3653 c.
930 3604 954 3666 8,
968 3602 991 3651 2.
1004 3628 1037 3637 -—
1049 3615 1129 3665 quou-

59 3675 121 3725 dass
133 3674 173 3725 sie
185 3673 302 3724 ermiidet
317 3674 397 3723 durch
414 3675 462 3723 deu
474 3670 571 3735 fortge-
623 3677 690 3722 leur:
703 3671 729 3720 iu
742 3672 792 3721 wic
805 3673 875 3723 weit.
886 3700 919 3707 —
928 3671 1022 3720 le'ttmas
1034 3686 1051 3719 a
1069 3669 1129 3719 Cae·

59 3750 162 3795 setzton
174 3742 277 3793 Marsch
289 3742 331 3792 die
343 3740 456 3792 hulunft
469 3740 570 3791 Casar's
623 3756 681 3790 aare
693 3763 709 3781 =
727 3740 856 3803 Caesarie;
879 3757 900 3790 c.
923 3740 964 3804 36,
985 3740 1012 3787 6:
1034 3738 1130 3789 lucras

59 3811 181 3863 l’drchten
194 3818 315 3862 moseten
622 3814 682 3859 seret
702 3814 843 3859 consecutae
859 3824 876 3857 a
895 3806 1003 3857 Fauonio
1037 3807 1071 3856 So
1093 3804 1131 3856 olt

94 3882 120 3932 3.
143 3885 227 3931 caena
251 3883 344 3930 meteri
361 3880 470 3931 hraucht
490 3879 571 3930 Clisar
622 3878 664 3929 bei
674 3878 774 3941 Cicero,
783 3879 834 3927 wie
843 3893 865 3927 z.
875 3878 901 3926 Β.
912 3877 942 3926 ad
952 3875 1020 3926 Fan.
1032 3876 1056 3940 t,
1066 3877 1091 3940 5,
1102 3875 1130 3925 2:

59 3966 110 4001 nur
121 3950 189 4000 hier.
210 3948 238 3998 B.
252 3946 282 3999 G.
295 3947 320 4013 8,
335 3949 375 4014 15,
388 3949 411 3999 2.
623 3946 719 3997 litterae
730 3948 795 3995 anibi
804 3946 897 3996 daretur
909 3961 925 3993 a
936 3949 964 3994 te.

115 4032 197 4075 cum
210 4032 240 4075 ru
254 4032 342 4077 enan
936 4032 969 4082 12
