2572 4424
513 266 669 323 ιιιι-ιι.
1059 270 1120 334 143

61 421 152 487 Hunc
172 432 294 487 secutus
309 424 435 486 Marcius
450 422 546 486 Rufus
562 432 703 504 quaestor
717 422 841 486 navibus
856 444 905 498 ιιι,
922 443 996 506 quas
1011 427 1125 507 praesi-
1145 436 1160 485 ι

56 509 105 572 dio
121 510 266 573 onerariis
281 510 405 573 navibus
421 509 510 571 Cmio
526 528 562 571 ex
577 509 673 573 Sicilia
689 511 837 584 eduxerat,
860 522 1019 593 postquam
1040 513 1072 573 iu
1086 513 1123 574 ii-

53 602 120 658 tore
135 596 270 659 relictam
284 614 391 658 narem
407 596 571 676 conspexit,
591 596 669 659 banc
683 598 815 659 remulco
831 598 986 674 abstraxit3
1007 598 1070 678 ipse
1085 599 1122 660 ad

55 680 218 745 Curionem
233 701 301 745 cum
317 683 408 744 classe
422 682 509 743 redit.

142 767 193 829 24.
210 768 299 830 Curio
314 766 456 829 biarcium
473 766 587 828 Uticam
602 767 728 830 navibus
743 768 922 848 praemittit3
937 768 1002 849 ipse
1018 770 1122 830 eodem

54 871 124 915 cum
146 854 277 915 exercitu
298 852 497 935 proficiscitur
516 852 656 933 biduique
676 854 734 916 iter
754 872 929 934 progressus
952 856 987 915 ad
1008 855 1122 916 flumen

54 937 219 1019 bagaudam
232 938 376 1018 pervenit.
410 938 455 999 Ibi
470 937 500 999 C.
516 938 672 1000 Caninium
693 939 831 1002 Rebilum
852 942 979 1020 legatum
996 959 1063 1001 cum
1078 941 1123 1002 le·
1143 948 1158 998 2

55 1024 196 1105 qionibus
216 1024 351 1105 reliquit3
373 1023 437 1103 ipse
457 1041 525 1084 cum
541 1024 673 1103 equitatu
693 1026 842 1087 antecedit
860 1027 895 1087 ad
912 1035 1005 1087 castra
1021 1027 1124 1105 explo-

54 1112 149 1173 randa
170 1108 359 1195 Corneliana,
381 1109 462 1189 quod
481 1109 505 1169 is
522 1109 604 1171 iocus
625 1109 804 1191 peridoneus
827 1112 929 1173 castris
949 1111 1121 1173 habebatur.

55 1194 88 1257 ld
103 1204 206 1259 autem
221 1204 268 1257 est
277 1195 378 1275 iugum
390 1194 536 1256 directum
548 1195 685 1257 eminens
697 1195 728 1256 iu
744 1214 835 1271 mare,
850 1205 976 1278 utraque
992 1205 1123 1276 exparte
1144 1204 1159 1254 3

55 1290 253 1363 praeruptum
267 1288 356 1361 atquc
370 1298 518 1360 asperum,
537 1281 591 1342 sed
605 1289 705 1343 tamen
721 1283 807 1362 paulo
829 1283 941 1345 leniore
954 1282 1071 1362 fastigio
1086 1281 1122 1343 ab

55 1386 90 1429 ea
104 1375 201 1449 parte,
217 1385 292 1449 quae
307 1367 343 1428 ad
359 1365 473 1427 Uticam
489 1365 590 1444 vergit.
626 1365 718 1429 Abest
738 1367 849 1429 directo
866 1368 972 1430 itinere
988 1367 1024 1430 ab
1040 1367 1123 1429 Utica
1142 1379 1160 1429 t

55 1454 144 1533 panio
170 1452 298 1534 amplius
324 1470 429 1532 passus
454 1450 556 1511 milies
585 1450 644 1513 Sed
669 1453 727 1514 boc
752 1453 860 1516 itinere
882 1462 928 1516 est
953 1455 1036 1527 sons,
1063 1472 1121 1533 quo

55 1556 138 1603 mare
152 1538 286 1600 succedit
295 1536 421 1617 longius,
436 1537 553 1615 lateque
564 1536 590 1597 is
603 1538 685 1599 locus
696 1546 858 1619 restagnat:
874 1558 964 1618 quem
976 1538 1001 1599 si
1014 1538 1066 1618 qui
1078 1539 1122 1599 vi-

56 1632 120 1687 tare
136 1624 303 1698 voluerunt,
319 1621 476 1684 similium
493 1622 618 1686 circuitu
632 1624 662 1685 in
679 1624 821 1703 oppidum
836 1623 1023 1704 perveniunt.

144 1709 196 1771 25.
221 1709 286 1772 Hoc
306 1709 455 1789 explorato
476 1707 541 1769 ioco
559 1707 647 1771 Curio
668 1719 763 1770 castra
782 1709 851 1772 Vari
872 1709 1016 1788 conspicit
1035 1726 1121 1770 muro

55 1794 228 1875 oppidoque
242 1794 400 1858 coniuncta
415 1793 451 1855 ad
466 1801 591 1874 portam,
613 1813 688 1873 quae
704 1795 867 1874 appellatur
886 1794 997 1867 bellica,
1018 1793 1123 1855 admo-

56 1880 132 1941 dum
145 1879 263 1943 munita
278 1888 384 1941 natura
397 1878 468 1952 loci,
488 1895 548 1939 una
564 1898 600 1939 ex
615 1887 698 1959 parte
712 1879 776 1959 ipso
792 1880 899 1961 oppido
915 1879 1011 1952 Utica,
1033 1880 1123 1940 altera

54 1983 72 2027 a
85 1966 220 2041 theatro,
241 1966 320 2046 quod
339 1971 468 2026 estante
482 1964 637 2043 oppidum,
659 1964 927 2027 substructionibus
943 1965 1007 2026 eius
1023 1964 1121 2044 operis

55 2050 205 2125 maximis,
219 2050 302 2113 aditu
317 2052 354 2113 ad
369 2057 466 2112 castra
481 2049 592 2111 difficili
603 2058 633 2110 et
644 2059 778 2129 angusto.
809 2051 904 2112 Simul
919 2050 1124 2113 animadvertit
1144 2066 1159 2117 2

54 2136 151 2199 multa
168 2137 299 2217 undique
314 2136 425 2217 portari
439 2143 531 2215 atquc
546 2135 591 2216 agi
605 2135 787 2215 plenissimis
802 2136 863 2212 viis,
885 2156 959 2218 quae
974 2134 1123 2216 repentini

53 2222 204 2285 tumuitus
215 2222 323 2285 timore
337 2241 375 2284 en
391 2222 467 2302 agris
482 2222 515 2282 in
530 2221 635 2282 urbem
651 2222 851 2284 conferantur.
881 2223 946 2285 Huc
961 2221 1124 2302 equitatum
1144 2235 1160 2285 3

54 2306 158 2382 mittit,
174 2314 209 2371 ut
223 2308 362 2389 diriperet
376 2316 464 2388 atque
486 2307 608 2369 baberet
623 2307 688 2368 loco
704 2309 843 2386 praedae3
866 2309 1030 2387 eodemque
1045 2316 1125 2366 tem-

53 2410 130 2473 pore
145 2393 193 2455 bis
207 2392 296 2457 rebus
309 2393 441 2455 subsidio
453 2411 489 2453 oc
501 2392 615 2472 equites
627 2392 771 2454 Numidae
782 2413 819 2455 en
830 2393 937 2474 oppido
949 2392 1122 2473 peditesque

56 2496 126 2539 cccc
141 2478 302 2541 mittuntur
315 2499 333 2541 a
347 2480 431 2553 Varo,
448 2496 523 2559 quos
539 2477 636 2540 auxilii
651 2496 737 2540 causa
752 2497 805 2540 rex
819 2479 889 2540 Iuba
904 2477 1004 2558 paucis
1020 2477 1124 2538 diebus

89 2598 115 2649 5.
133 2597 566 2665 maacacseacarcimsmlepp·
619 2597 753 2648 diessende
776 2596 867 2662 Quelle
895 2599 960 2649 nacb
988 2594 1125 2660 (succedit),

54 2672 101 2719 tun
117 2666 563 2738 nahmen‚bugsireu,<ivpcoviseiv.
618 2666 704 2730 drinqt
726 2665 897 2717 unterirdiscb
912 2667 954 2717 cin
977 2665 1027 2714 und
1044 2663 1125 2713 bildat

90 2725 146 2786 24.
169 2735 193 2786 2.
218 2741 303 2787 castra
317 2734 564 2799 vermentone,
618 2750 646 2786 sc
661 2733 724 2784 iiber
747 2733 804 2785 cine
824 2734 902 2784 weite
917 2733 1012 2784 Fliicbe
1033 2745 1124 2794 ansge-

57 2801 116 2854 δι.
135 2802 183 2868 37,
201 2803 216 2853 3
233 2809 317 2856 caetra
333 2804 457 2866 Coraaaitb)
475 2819 504 2854 so
521 2818 565 2866 ge-
618 2803 708 2852 debete
721 2801 831 2869 Siimpfe.

55 2878 137 2923 munt
147 2871 352 2924 zumAudenken
363 2888 396 2923 an
408 2872 565 2923 denilteren
652 2862 705 2921 25.
725 2871 747 2919 t.
765 2884 840 2921 muro
851 2868 1002 2950 oppidoque:
1019 2865 1066 2917 nit
1078 2867 1124 2917 der

56 2939 160 3008 Scipio,
177 2941 225 2992 der
245 2941 280 2991 im
296 2940 407 2991 aweiten
425 2940 564 3007 puniscben
618 2939 707 2990 Mauer
724 2939 782 2988 ‘und
802 2953 831 2989 so
852 2945 898 2989 rmt
918 2938 963 2988 der
984 2935 1073 2986 Stadt’.
1090 2962 1123 2972 —

55 3004 155 3073 Kriegc
180 3009 240 3060 dort
263 3008 306 3060 ein
323 3008 408 3073 Lager
431 3007 566 3072 nniscblnq
618 3009 764 3058 coniuncta:
790 3007 811 3068 l,
833 3007 875 3069 64,
899 3006 921 3056 l.
945 3034 978 3042 -
1003 3003 1088 3065 altero
1108 3021 1125 3055 a

56 3077 107 3128 und
125 3075 182 3127 sich
197 3078 380 3142 verscbenzte,
396 3076 454 3128 Liv.
468 3076 510 3139 29,
523 3075 564 3140 35,
616 3077 712 3126 theatro
723 3091 747 3124 ιι.
761 3091 781 3127 s.
795 3089 826 3124 ιι.
848 3074 899 3125 Das
911 3074 994 3138 Lager
1005 3089 1060 3124 war
1073 3088 1123 3124 von

57 3144 101 3194 13:
121 3142 215 3195 Castra
229 3146 334 3197 taberna
345 3147 373 3195 itt
381 3148 563 3213 prmnontcric,
603 3145 664 3195 der
682 3145 755 3195 einen
771 3143 842 3194 Seite
858 3159 908 3194 von
926 3144 971 3193 der
989 3143 1063 3193 Stadt
1080 3157 1123 3206 ge·

55 3212 124 3279 quod
143 3215 214 3263 maai
231 3215 294 3279 iugc
314 3215 450 3265 macconi
471 3211 565 3262 adcao-
619 3212 731 3275 scbiitzt,
754 3213 809 3263 also
830 3227 880 3262 von
901 3211 987 3262 dieser
1002 3226 1048 3276 gar
1065 3210 1123 3261 kain

55 3296 114 3333 rem
126 3284 155 3332 ia
176 3280 333 3348 aequatum
353 3283 436 3333 maris
454 3282 564 3348 epatium
617 3279 723 3345 Zugang
738 3296 770 3329 zu
782 3280 939 3342 demselben,
951 3296 1002 3331 von
1019 3281 1065 3329 der
1078 3294 1123 3329 an·

55 3349 210 3413 wormac,
224 3354 364 3402 communit
377 3349 492 3416 (Scipio).
514 3346 566 3399 Ln-
618 3350 680 3399 dern
703 3348 772 3399 Saite
795 3364 853 3399 vom
876 3348 987 3399 'ibenter
1010 3348 1056 3398 ber
1079 3347 1122 3396 da·

56 3434 112 3471 cen.
130 3419 156 3483 4,
172 3418 224 3469 636
241 3417 291 3483 igr.
316 3418 343 3469 iu
359 3419 406 3470 der
421 3418 493 3471 Niibc
510 3431 566 3467 war
619 3417 710 3478 durch,
724 3417 781 3467 dass
800 3417 841 3467 bei
857 3418 905 3468 den
917 3414 1123 3480 umiangreicben

56 3487 98 3537 ein
115 3487 254 3553 bequcmer
265 3485 359 3553 Ueien,
372 3488 400 3538 in
410 3488 466 3538 dem
478 3484 565 3552 Scipio
619 3484 1123 3537 Uuterbtmendcssclbennureiuschma-

56 3556 129 3609 scine
140 3554 229 3607 Flotte
241 3557 326 3620 licgen
338 3557 409 3618 lices,
619 3555 659 3604 ler
670 3554 720 3603 oud
732 3553 897 3616 scbwieriqer
908 3553 1013 3616 Zugang
1025 3565 1087 3600 war.

89 3625 115 3675 3.
132 3624 212 3693 paulo
225 3623 438 3692 lenioresaetc'gic
452 3623 475 3687 t,
484 3623 526 3686 45,
537 3623 565 3685 53
653 3622 676 3670 2.
693 3625 797 3688 portari
810 3626 883 3686 atqua
895 3624 947 3686 agi.
962 3617 1123 3682 Liv.38,18,

57 3691 82 3758 ²,
97 3693 139 3759 tc,
151 3693 176 3745 3.
619 3691 664 3740 25:
675 3692 857 3741 conmemorat
866 3716 884 3726 -
895 3704 931 3739 eac
942 3685 1124 3753 campestribus

89 3764 115 3813 4.
133 3763 215 3829 sons,
236 3776 283 3828 quc
297 3776 371 3813 mare
388 3757 496 3812 succedit
511 3758 565 3808 ion·
619 3754 1123 3823 moiragrtbqaesrequcniesdamigrare

53 3827 570 3952 ,rifat
617 3823 1122 3963 tta-‚rattttttcataattz

55 3968 146 4033 drinqt
168 3969 215 4020 das
236 3968 309 4021 bicor
329 3968 410 4019 durcb
430 3965 487 4017 eine
508 3964 568 4015 dort
617 3978 680 4031 pum
690 3967 783 4030 peiere.
808 3963 841 4013 So
854 3954 928 4028 dyeia
938 3960 984 4011 καὶ
995 3960 1094 4032 φέρειν,
