<?xml version="1.0" encoding="UTF-8"?>
<!DOCTYPE html PUBLIC "-//W3C//DTD XHTML 1.0 Transitional//EN"
    "http://www.w3.org/TR/xhtml1/DTD/xhtml1-transitional.dtd">
<html xmlns="http://www.w3.org/1999/xhtml" xml:lang="en" lang="en">
 <head>
  <title>
</title>
<meta http-equiv="Content-Type" content="text/html;charset=utf-8" />
  <meta name='ocr-system' content='tesseract 3.04.00' />
  <meta name='ocr-capabilities' content='ocr_page ocr_carea ocr_par ocr_line ocrx_word'/>
</head>
<body>
  <div class='ocr_page' id='page_1' title='image "./ciuliicaesarisc00krangoog/ciuliicaesarisc00krangoog_0269.png"; bbox 0 0 2572 4424; ppageno 0'>
   <div class='ocr_carea' id='block_1_1' title="bbox 142 305 813 370">
    <p class='ocr_par' dir='ltr' id='par_1_1' title="bbox 142 305 813 370">
     <span class='ocr_line' id='line_1_1' title="bbox 142 305 813 370; baseline 0 -12"><span class='ocrx_word' id='word_1_1' title='bbox 142 306 204 370; x_wconf 78' lang='lat'><strong>250</strong></span> <span class='ocrx_word' id='word_1_2' title='bbox 538 307 582 358; x_wconf 78' lang='lat' dir='ltr'><strong>llll</strong></span> <span class='ocrx_word' id='word_1_3' title='bbox 594 306 702 358; x_wconf 78' lang='lat' dir='ltr'><strong>anuto</strong></span> <span class='ocrx_word' id='word_1_4' title='bbox 715 305 813 361; x_wconf 85' lang='lat' dir='ltr'><strong>ClVlLl</strong></span> 
     </span>
    </p>
   </div>
   <div class='ocr_carea' id='block_1_2' title="bbox 102 462 1208 2255">
    <p class='ocr_par' dir='ltr' id='par_1_2' title="bbox 102 462 1208 2255">
     <span class='ocr_line' id='line_1_2' title="bbox 140 462 1208 543; baseline -0.001 -18"><span class='ocrx_word' id='word_1_5' title='bbox 140 464 246 526; x_wconf 86' lang='lat' dir='ltr'><strong>fecisse</strong></span> <span class='ocrx_word' id='word_1_6' title='bbox 255 462 418 537; x_wconf 78' lang='lat' dir='ltr'>dicebatur,</span> <span class='ocrx_word' id='word_1_7' title='bbox 426 470 459 522; x_wconf 93' lang='lat' dir='ltr'><strong>ut</strong></span> <span class='ocrx_word' id='word_1_8' title='bbox 470 462 585 542; x_wconf 89' lang='lat' dir='ltr'><strong>primus</strong></span> <span class='ocrx_word' id='word_1_9' title='bbox 593 481 737 525; x_wconf 81' lang='lat' dir='ltr'><strong>excursus</strong></span> <span class='ocrx_word' id='word_1_10' title='bbox 745 463 986 543; x_wconf 89' lang='lat' dir='ltr'><strong>visquemilitum</strong></span> <span class='ocrx_word' id='word_1_11' title='bbox 994 462 1208 542; x_wconf 80' lang='lat' dir='ltr'><strong>infringeretur</strong></span> 
     </span>
     <span class='ocr_line' id='line_1_3' title="bbox 139 548 1205 630; baseline -0.001 -19"><span class='ocrx_word' id='word_1_12' title='bbox 139 549 276 630; x_wconf 80' lang='lat' dir='ltr'><strong>aciesque</strong></span> <span class='ocrx_word' id='word_1_13' title='bbox 288 548 510 610; x_wconf 83' lang='lat' dir='ltr'><strong>distenderetur</strong></span> <span class='ocrx_word' id='word_1_14' title='bbox 521 556 609 628; x_wconf 89' lang='lat' dir='ltr'><strong>atque</strong></span> <span class='ocrx_word' id='word_1_15' title='bbox 622 549 654 609; x_wconf 93' lang='lat' dir='ltr'><strong>in</strong></span> <span class='ocrx_word' id='word_1_16' title='bbox 666 548 729 610; x_wconf 88' lang='lat' dir='ltr'><strong>suis</strong></span> <span class='ocrx_word' id='word_1_17' title='bbox 738 548 893 610; x_wconf 91' lang='lat' dir='ltr'><strong>ordinibus</strong></span> <span class='ocrx_word' id='word_1_18' title='bbox 900 548 1038 628; x_wconf 90' lang='lat' dir='ltr'><strong>dispositi</strong></span> <span class='ocrx_word' id='word_1_19' title='bbox 1050 549 1205 630; x_wconf 90' lang='lat' dir='ltr'><strong>dispersos</strong></span> 
     </span>
     <span class='ocr_line' id='line_1_4' title="bbox 139 633 1206 714; baseline -0.004 -16"><span class='ocrx_word' id='word_1_20' title='bbox 139 634 341 705; x_wconf 79' lang='lat' dir='ltr'><strong>adorirentur3</strong></span> <span class='ocrx_word' id='word_1_21' title='bbox 356 634 512 714; x_wconf 86' lang='lat' dir='ltr'><strong>leviusque</strong></span> <span class='ocrx_word' id='word_1_22' title='bbox 524 653 627 696; x_wconf 89' lang='lat' dir='ltr'><strong>casura</strong></span> <span class='ocrx_word' id='word_1_23' title='bbox 639 634 696 714; x_wconf 89' lang='lat' dir='ltr'><strong>pila</strong></span> <span class='ocrx_word' id='word_1_24' title='bbox 708 633 845 714; x_wconf 82' lang='lat' dir='ltr'><strong>sperabat</strong></span> <span class='ocrx_word' id='word_1_25' title='bbox 860 635 892 694; x_wconf 92' lang='lat' dir='ltr'><strong>in</strong></span> <span class='ocrx_word' id='word_1_26' title='bbox 906 636 970 695; x_wconf 93' lang='lat' dir='ltr'><strong>loco</strong></span> <span class='ocrx_word' id='word_1_27' title='bbox 985 635 1113 695; x_wconf 83' lang='lat' dir='ltr'><strong>retentis</strong></span> <span class='ocrx_word' id='word_1_28' title='bbox 1125 634 1206 695; x_wconf 91' lang='lat' dir='ltr'><strong>mili-</strong></span> 
     </span>
     <span class='ocr_line' id='line_1_5' title="bbox 139 719 1207 799; baseline -0.002 -17"><span class='ocrx_word' id='word_1_29' title='bbox 139 720 230 792; x_wconf 86' lang='lat' dir='ltr'><strong>tibus,</strong></span> <span class='ocrx_word' id='word_1_30' title='bbox 253 738 342 798; x_wconf 89' lang='lat' dir='ltr'><strong>quam</strong></span> <span class='ocrx_word' id='word_1_31' title='bbox 357 719 381 779; x_wconf 91' lang='lat' dir='ltr'><strong>si</strong></span> <span class='ocrx_word' id='word_1_32' title='bbox 396 719 455 799; x_wconf 93' lang='lat' dir='ltr'><strong>ipsi</strong></span> <span class='ocrx_word' id='word_1_33' title='bbox 469 719 612 781; x_wconf 89' lang='lat' dir='ltr'><strong>immissis</strong></span> <span class='ocrx_word' id='word_1_34' title='bbox 628 720 695 780; x_wconf 89' lang='lat' dir='ltr'><strong>telis</strong></span> <span class='ocrx_word' id='word_1_35' title='bbox 711 720 959 793; x_wconf 83' lang='lat' dir='ltr'><strong>occucurrissent,</strong></span> <span class='ocrx_word' id='word_1_36' title='bbox 977 720 1067 781; x_wconf 91' lang='lat' dir='ltr'><strong>simul</strong></span> <span class='ocrx_word' id='word_1_37' title='bbox 1082 721 1156 794; x_wconf 89' lang='lat' dir='ltr'><strong>fore,</strong></span> <span class='ocrx_word' id='word_1_38' title='bbox 1171 727 1207 782; x_wconf 93' lang='lat' dir='ltr'><strong>ut</strong></span> 
     </span>
     <span class='ocr_line' id='line_1_6' title="bbox 138 805 1206 884; baseline -0.001 -18"><span class='ocrx_word' id='word_1_39' title='bbox 138 805 286 884; x_wconf 91' lang='lat' dir='ltr'><strong>duplicato</strong></span> <span class='ocrx_word' id='word_1_40' title='bbox 308 822 397 866; x_wconf 89' lang='lat' dir='ltr'><strong>cursu</strong></span> <span class='ocrx_word' id='word_1_41' title='bbox 419 805 548 866; x_wconf 81' lang='lat' dir='ltr'><strong>Caesaris</strong></span> <span class='ocrx_word' id='word_1_42' title='bbox 575 805 684 866; x_wconf 90' lang='lat' dir='ltr'><strong>milites</strong></span> <span class='ocrx_word' id='word_1_43' title='bbox 711 805 952 867; x_wconf 84' lang='lat' dir='ltr'><strong>exanimarentur</strong></span> <span class='ocrx_word' id='word_1_44' title='bbox 971 813 1002 867; x_wconf 91' lang='lat' dir='ltr'><strong>et</strong></span> <span class='ocrx_word' id='word_1_45' title='bbox 1028 805 1206 867; x_wconf 87' lang='lat' dir='ltr'><strong>lassitudine</strong></span> 
     </span>
     <span class='ocr_line' id='line_1_7' title="bbox 102 890 1207 971; baseline -0.001 -18"><span class='ocrx_word' id='word_1_46' title='bbox 102 904 118 953; x_wconf 85' lang='lat'>3</span> <span class='ocrx_word' id='word_1_47' title='bbox 140 891 366 953; x_wconf 87' lang='lat' dir='ltr'><strong>conficerentur.</strong></span> <span class='ocrx_word' id='word_1_48' title='bbox 395 891 482 964; x_wconf 86' lang='lat' dir='ltr'><strong>Quod</strong></span> <span class='ocrx_word' id='word_1_49' title='bbox 497 891 584 952; x_wconf 92' lang='lat' dir='ltr'><strong>nobis</strong></span> <span class='ocrx_word' id='word_1_50' title='bbox 600 891 722 971; x_wconf 90' lang='lat' dir='ltr'><strong>quidem</strong></span> <span class='ocrx_word' id='word_1_51' title='bbox 737 892 818 951; x_wconf 89' lang='lat' dir='ltr'><strong>nulla</strong></span> <span class='ocrx_word' id='word_1_52' title='bbox 832 892 947 952; x_wconf 88' lang='lat' dir='ltr'><strong>ratione</strong></span> <span class='ocrx_word' id='word_1_53' title='bbox 962 891 1074 952; x_wconf 87' lang='lat' dir='ltr'><strong>factum</strong></span> <span class='ocrx_word' id='word_1_54' title='bbox 1086 911 1103 953; x_wconf 94' lang='lat' dir='ltr'><strong>a</strong></span> <span class='ocrx_word' id='word_1_55' title='bbox 1115 890 1207 952; x_wconf 93' lang='lat' dir='ltr'><strong>Pom·</strong></span> 
     </span>
     <span class='ocr_line' id='line_1_8' title="bbox 138 975 1205 1057; baseline 0 -19"><span class='ocrx_word' id='word_1_56' title='bbox 138 976 205 1057; x_wconf 92' lang='lat' dir='ltr'><strong>peio</strong></span> <span class='ocrx_word' id='word_1_57' title='bbox 220 975 346 1048; x_wconf 91' lang='lat' dir='ltr'><strong>videtur,</strong></span> <span class='ocrx_word' id='word_1_58' title='bbox 363 984 521 1055; x_wconf 90' lang='lat' dir='ltr'><strong>propterea</strong></span> <span class='ocrx_word' id='word_1_59' title='bbox 536 977 615 1056; x_wconf 92' lang='lat' dir='ltr'><strong>quod</strong></span> <span class='ocrx_word' id='word_1_60' title='bbox 631 984 677 1037; x_wconf 90' lang='lat' dir='ltr'><strong>est</strong></span> <span class='ocrx_word' id='word_1_61' title='bbox 691 977 835 1056; x_wconf 88' lang='lat' dir='ltr'><strong>quaedam</strong></span> <span class='ocrx_word' id='word_1_62' title='bbox 850 976 940 1038; x_wconf 89' lang='lat' dir='ltr'><strong>animi</strong></span> <span class='ocrx_word' id='word_1_63' title='bbox 963 976 1098 1037; x_wconf 85' lang='lat' dir='ltr'><strong>incitatio</strong></span> <span class='ocrx_word' id='word_1_64' title='bbox 1114 984 1205 1056; x_wconf 88' lang='lat' dir='ltr'><strong>atquc</strong></span> 
     </span>
     <span class='ocr_line' id='line_1_9' title="bbox 139 1061 1207 1143; baseline -0.002 -20"><span class='ocrx_word' id='word_1_65' title='bbox 139 1061 272 1124; x_wconf 86' lang='lat' dir='ltr'><strong>alacritas</strong></span> <span class='ocrx_word' id='word_1_66' title='bbox 288 1061 460 1122; x_wconf 90' lang='lat' dir='ltr'><strong>naturaliter</strong></span> <span class='ocrx_word' id='word_1_67' title='bbox 474 1061 576 1123; x_wconf 91' lang='lat' dir='ltr'><strong>innata</strong></span> <span class='ocrx_word' id='word_1_68' title='bbox 591 1061 741 1136; x_wconf 89' lang='lat' dir='ltr'><strong>omnibus,</strong></span> <span class='ocrx_word' id='word_1_69' title='bbox 763 1080 838 1142; x_wconf 90' lang='lat' dir='ltr'><strong>quae</strong></span> <span class='ocrx_word' id='word_1_70' title='bbox 854 1061 952 1123; x_wconf 89' lang='lat' dir='ltr'><strong>studio</strong></span> <span class='ocrx_word' id='word_1_71' title='bbox 968 1079 1084 1141; x_wconf 80' lang='lat' dir='ltr'><strong>pugnae</strong></span> <span class='ocrx_word' id='word_1_72' title='bbox 1100 1061 1207 1143; x_wconf 80' lang='lat' dir='ltr'><strong>incep-</strong></span> 
     </span>
     <span class='ocr_line' id='line_1_10' title="bbox 141 1146 1208 1228; baseline -0.002 -18"><span class='ocrx_word' id='word_1_73' title='bbox 141 1148 228 1210; x_wconf 88' lang='lat' dir='ltr'><strong>ditur.</strong></span> <span class='ocrx_word' id='word_1_74' title='bbox 250 1146 333 1208; x_wconf 91' lang='lat' dir='ltr'><strong>Hanc</strong></span> <span class='ocrx_word' id='word_1_75' title='bbox 338 1165 400 1207; x_wconf 92' lang='lat' dir='ltr'><strong>non</strong></span> <span class='ocrx_word' id='word_1_76' title='bbox 407 1147 581 1227; x_wconf 87' lang='lat' dir='ltr'><strong>reprimere,</strong></span> <span class='ocrx_word' id='word_1_77' title='bbox 589 1148 640 1209; x_wconf 92' lang='lat' dir='ltr'><strong>sed</strong></span> <span class='ocrx_word' id='word_1_78' title='bbox 652 1165 759 1228; x_wconf 86' lang='lat' dir='ltr'><strong>augere</strong></span> <span class='ocrx_word' id='word_1_79' title='bbox 766 1146 959 1227; x_wconf 87' lang='lat' dir='ltr'><strong>imperatores</strong></span> <span class='ocrx_word' id='word_1_80' title='bbox 971 1147 1096 1220; x_wconf 72' lang='lat' dir='ltr'><strong>debent,</strong></span> <span class='ocrx_word' id='word_1_81' title='bbox 1108 1165 1208 1226; x_wconf 89' lang='lat' dir='ltr'><strong>neque</strong></span> 
     </span>
     <span class='ocr_line' id='line_1_11' title="bbox 139 1232 1207 1312; baseline -0.001 -17"><span class='ocrx_word' id='word_1_82' title='bbox 139 1235 251 1295; x_wconf 86' lang='lat' dir='ltr'><strong>frustra</strong></span> <span class='ocrx_word' id='word_1_83' title='bbox 265 1232 431 1312; x_wconf 90' lang='lat' dir='ltr'><strong>antiquitus</strong></span> <span class='ocrx_word' id='word_1_84' title='bbox 446 1232 617 1294; x_wconf 89' lang='lat' dir='ltr'><strong>institutum</strong></span> <span class='ocrx_word' id='word_1_85' title='bbox 633 1239 689 1306; x_wconf 90' lang='lat' dir='ltr'><strong>est,</strong></span> <span class='ocrx_word' id='word_1_86' title='bbox 709 1241 743 1293; x_wconf 91' lang='lat' dir='ltr'><strong>ut</strong></span> <span class='ocrx_word' id='word_1_87' title='bbox 758 1233 841 1311; x_wconf 80' lang='lat' dir='ltr'><strong>signa</strong></span> <span class='ocrx_word' id='word_1_88' title='bbox 861 1233 992 1311; x_wconf 89' lang='lat' dir='ltr'><strong>undique</strong></span> <span class='ocrx_word' id='word_1_89' title='bbox 1013 1233 1207 1294; x_wconf 89' lang='lat' dir='ltr'><strong>concinerent</strong></span> 
     </span>
     <span class='ocr_line' id='line_1_12' title="bbox 139 1317 1207 1398; baseline -0.002 -18"><span class='ocrx_word' id='word_1_90' title='bbox 139 1320 358 1398; x_wconf 89' lang='lat' dir='ltr'><strong>clamoremque</strong></span> <span class='ocrx_word' id='word_1_91' title='bbox 369 1317 501 1378; x_wconf 86' lang='lat' dir='ltr'><strong>universi</strong></span> <span class='ocrx_word' id='word_1_92' title='bbox 511 1317 665 1391; x_wconf 76' lang='lat' dir='ltr'><strong>tollerent3</strong></span> <span class='ocrx_word' id='word_1_93' title='bbox 677 1317 785 1398; x_wconf 92' lang='lat' dir='ltr'><strong>quibus</strong></span> <span class='ocrx_word' id='word_1_94' title='bbox 796 1318 885 1380; x_wconf 90' lang='lat' dir='ltr'><strong>rebus</strong></span> <span class='ocrx_word' id='word_1_95' title='bbox 901 1325 932 1379; x_wconf 90' lang='lat' dir='ltr'><strong>et</strong></span> <span class='ocrx_word' id='word_1_96' title='bbox 943 1319 1046 1379; x_wconf 88' lang='lat' dir='ltr'><strong>hostes</strong></span> <span class='ocrx_word' id='word_1_97' title='bbox 1057 1319 1165 1379; x_wconf 88' lang='lat' dir='ltr'><strong>terreri</strong></span> <span class='ocrx_word' id='word_1_98' title='bbox 1178 1325 1207 1379; x_wconf 87' lang='lat' dir='ltr'><strong>et</strong></span> 
     </span>
     <span class='ocr_line' id='line_1_13' title="bbox 141 1401 610 1466; baseline -0.004 0"><span class='ocrx_word' id='word_1_99' title='bbox 141 1422 212 1466; x_wconf 90' lang='lat' dir='ltr'><strong>suos</strong></span> <span class='ocrx_word' id='word_1_100' title='bbox 229 1403 343 1464; x_wconf 88' lang='lat' dir='ltr'><strong>incitari</strong></span> <span class='ocrx_word' id='word_1_101' title='bbox 358 1401 610 1465; x_wconf 84' lang='lat' dir='ltr'><strong>existimaverunt.</strong></span> 
     </span>
     <span class='ocr_line' id='line_1_14' title="bbox 140 1487 1204 1568; baseline 0.004 -22"><span class='ocrx_word' id='word_1_102' title='bbox 140 1539 149 1546; x_wconf 14' lang='lat' dir='ltr'><strong>a.</strong></span> <span class='ocrx_word' id='word_1_103' title='bbox 224 1488 274 1551; x_wconf 83' lang='lat'><strong>93.</strong></span> <span class='ocrx_word' id='word_1_104' title='bbox 292 1487 350 1550; x_wconf 88' lang='lat' dir='ltr'><strong>Sed</strong></span> <span class='ocrx_word' id='word_1_105' title='bbox 365 1487 461 1549; x_wconf 91' lang='lat' dir='ltr'><strong>nostri</strong></span> <span class='ocrx_word' id='word_1_106' title='bbox 478 1488 586 1550; x_wconf 87' lang='lat' dir='ltr'><strong>milites</strong></span> <span class='ocrx_word' id='word_1_107' title='bbox 602 1489 669 1550; x_wconf 90' lang='lat' dir='ltr'><strong>dato</strong></span> <span class='ocrx_word' id='word_1_108' title='bbox 687 1490 772 1566; x_wconf 87' lang='lat' dir='ltr'><strong>signo</strong></span> <span class='ocrx_word' id='word_1_109' title='bbox 788 1506 857 1550; x_wconf 91' lang='lat' dir='ltr'><strong>cum</strong></span> <span class='ocrx_word' id='word_1_110' title='bbox 872 1489 989 1549; x_wconf 80' lang='lat' dir='ltr'><strong>infestis</strong></span> <span class='ocrx_word' id='word_1_111' title='bbox 1011 1488 1078 1567; x_wconf 92' lang='lat' dir='ltr'><strong>pilis</strong></span> <span class='ocrx_word' id='word_1_112' title='bbox 1093 1507 1204 1568; x_wconf 65' lang='lat' dir='ltr'><strong>procu7</strong></span> 
     </span>
     <span class='ocr_line' id='line_1_15' title="bbox 139 1573 1203 1653; baseline -0.004 -15"><span class='ocrx_word' id='word_1_113' title='bbox 139 1576 399 1653; x_wconf 89' lang='lat' dir='ltr'><strong>currissentatque</strong></span> <span class='ocrx_word' id='word_1_114' title='bbox 412 1573 546 1636; x_wconf 90' lang='lat' dir='ltr'><strong>animum</strong></span> <span class='ocrx_word' id='word_1_115' title='bbox 552 1575 751 1636; x_wconf 82' lang='lat' dir='ltr'><strong>advertissent</strong></span> <span class='ocrx_word' id='word_1_116' title='bbox 761 1591 823 1635; x_wconf 90' lang='lat' dir='ltr'><strong>non</strong></span> <span class='ocrx_word' id='word_1_117' title='bbox 831 1574 968 1635; x_wconf 89' lang='lat' dir='ltr'><strong>concurri</strong></span> <span class='ocrx_word' id='word_1_118' title='bbox 979 1573 1203 1653; x_wconf 90' lang='lat' dir='ltr'><strong>aPompeianis,</strong></span> 
     </span>
     <span class='ocr_line' id='line_1_16' title="bbox 110 1659 1204 1741; baseline -0.004 -17"><span class='ocrx_word' id='word_1_119' title='bbox 110 1717 114 1725; x_wconf 30' lang='grc' dir='ltr'><em>Ι</em></span> <span class='ocrx_word' id='word_1_120' title='bbox 138 1681 196 1723; x_wconf 90' lang='lat' dir='ltr'><strong>usu</strong></span> <span class='ocrx_word' id='word_1_121' title='bbox 213 1660 301 1741; x_wconf 91' lang='lat' dir='ltr'><strong>periti</strong></span> <span class='ocrx_word' id='word_1_122' title='bbox 321 1679 355 1720; x_wconf 92' lang='lat' dir='ltr'><strong>ac</strong></span> <span class='ocrx_word' id='word_1_123' title='bbox 375 1660 579 1738; x_wconf 90' lang='lat' dir='ltr'><strong>superioribus</strong></span> <span class='ocrx_word' id='word_1_124' title='bbox 594 1661 702 1740; x_wconf 83' lang='lat' dir='ltr'><strong>pugnis</strong></span> <span class='ocrx_word' id='word_1_125' title='bbox 718 1659 869 1721; x_wconf 83' lang='lat' dir='ltr'><strong>exercitati</strong></span> <span class='ocrx_word' id='word_1_126' title='bbox 884 1679 937 1722; x_wconf 93' lang='lat' dir='ltr'><strong>sua</strong></span> <span class='ocrx_word' id='word_1_127' title='bbox 958 1667 1065 1739; x_wconf 90' lang='lat' dir='ltr'><strong>sponte</strong></span> <span class='ocrx_word' id='word_1_128' title='bbox 1081 1669 1204 1722; x_wconf 84' lang='lat' dir='ltr'><strong>cursum</strong></span> 
     </span>
     <span class='ocr_line' id='line_1_17' title="bbox 137 1745 1206 1828; baseline -0.004 -19"><span class='ocrx_word' id='word_1_129' title='bbox 137 1753 349 1828; x_wconf 88' lang='lat' dir='ltr'><strong>represserunt</strong></span> <span class='ocrx_word' id='word_1_130' title='bbox 369 1745 450 1806; x_wconf 90' lang='lat' dir='ltr'><strong>etad</strong></span> <span class='ocrx_word' id='word_1_131' title='bbox 466 1746 597 1806; x_wconf 90' lang='lat' dir='ltr'><strong>medium</strong></span> <span class='ocrx_word' id='word_1_132' title='bbox 612 1747 674 1807; x_wconf 86' lang='lat' dir='ltr'><strong>lere</strong></span> <span class='ocrx_word' id='word_1_133' title='bbox 695 1745 827 1824; x_wconf 91' lang='lat' dir='ltr'><strong>spatium</strong></span> <span class='ocrx_word' id='word_1_134' title='bbox 844 1745 1052 1819; x_wconf 87' lang='lat' dir='ltr'><strong>constiterunt,</strong></span> <span class='ocrx_word' id='word_1_135' title='bbox 1076 1762 1116 1806; x_wconf 89' lang='lat' dir='ltr'><strong>ne</strong></span> <span class='ocrx_word' id='word_1_136' title='bbox 1132 1763 1206 1806; x_wconf 93' lang='lat' dir='ltr'><strong>con-</strong></span> 
     </span>
     <span class='ocr_line' id='line_1_18' title="bbox 140 1830 1206 1912; baseline -0.003 -17"><span class='ocrx_word' id='word_1_137' title='bbox 140 1831 268 1912; x_wconf 89' lang='lat' dir='ltr'><strong>sumptis</strong></span> <span class='ocrx_word' id='word_1_138' title='bbox 285 1831 397 1892; x_wconf 86' lang='lat' dir='ltr'><strong>viribus</strong></span> <span class='ocrx_word' id='word_1_139' title='bbox 409 1831 692 1910; x_wconf 86' lang='lat' dir='ltr'><strong>appropinquarent,</strong></span> <span class='ocrx_word' id='word_1_140' title='bbox 704 1849 855 1912; x_wconf 83' lang='lat' dir='ltr'><strong>parvoque</strong></span> <span class='ocrx_word' id='word_1_141' title='bbox 871 1830 1045 1893; x_wconf 89' lang='lat' dir='ltr'><strong>intermisso</strong></span> <span class='ocrx_word' id='word_1_142' title='bbox 1059 1831 1206 1911; x_wconf 86' lang='lat' dir='ltr'><strong>temporis</strong></span> 
     </span>
     <span class='ocr_line' id='line_1_19' title="bbox 139 1916 1206 1997; baseline -0.003 -17"><span class='ocrx_word' id='word_1_143' title='bbox 139 1918 234 1997; x_wconf 84' lang='lat' dir='ltr'><strong>spatio</strong></span> <span class='ocrx_word' id='word_1_144' title='bbox 249 1936 282 1977; x_wconf 88' lang='lat' dir='ltr'><strong>ac</strong></span> <span class='ocrx_word' id='word_1_145' title='bbox 301 1933 405 1977; x_wconf 91' lang='lat' dir='ltr'><strong>rursus</strong></span> <span class='ocrx_word' id='word_1_146' title='bbox 426 1925 566 1978; x_wconf 81' lang='lat' dir='ltr'><strong>renovato</strong></span> <span class='ocrx_word' id='word_1_147' title='bbox 587 1935 678 1978; x_wconf 91' lang='lat' dir='ltr'><strong>cursu</strong></span> <span class='ocrx_word' id='word_1_148' title='bbox 697 1916 755 1994; x_wconf 92' lang='lat' dir='ltr'><strong>pila</strong></span> <span class='ocrx_word' id='word_1_149' title='bbox 774 1917 923 1978; x_wconf 89' lang='lat' dir='ltr'><strong>miserunt</strong></span> <span class='ocrx_word' id='word_1_150' title='bbox 943 1917 1149 1997; x_wconf 88' lang='lat' dir='ltr'><strong>celeriterque,</strong></span> <span class='ocrx_word' id='word_1_151' title='bbox 1171 1925 1206 1978; x_wconf 92' lang='lat' dir='ltr'><strong>ut</strong></span> 
     </span>
     <span class='ocr_line' id='line_1_20' title="bbox 103 2001 1207 2082; baseline -0.001 -18"><span class='ocrx_word' id='word_1_152' title='bbox 103 2011 201 2073; x_wconf 71' lang='lat' dir='ltr'><strong>serat</strong></span> <span class='ocrx_word' id='word_1_153' title='bbox 226 2009 417 2080; x_wconf 85' lang='lat' dir='ltr'><strong>praeceptum</strong></span> <span class='ocrx_word' id='word_1_154' title='bbox 437 2021 453 2062; x_wconf 89' lang='lat' dir='ltr'><strong>a</strong></span> <span class='ocrx_word' id='word_1_155' title='bbox 475 2002 613 2075; x_wconf 86' lang='lat' dir='ltr'><strong>Caesare,</strong></span> <span class='ocrx_word' id='word_1_156' title='bbox 639 2001 748 2082; x_wconf 88' lang='lat' dir='ltr'><strong>gladios</strong></span> <span class='ocrx_word' id='word_1_157' title='bbox 772 2002 966 2064; x_wconf 85' lang='lat' dir='ltr'><strong>strinxerunt.</strong></span> <span class='ocrx_word' id='word_1_158' title='bbox 1008 2001 1112 2081; x_wconf 90' lang='lat' dir='ltr'><strong>Neque</strong></span> <span class='ocrx_word' id='word_1_159' title='bbox 1137 2021 1207 2063; x_wconf 85' lang='lat' dir='ltr'><strong>vero</strong></span> 
     </span>
     <span class='ocr_line' id='line_1_21' title="bbox 139 2085 1206 2168; baseline 0.001 -19"><span class='ocrx_word' id='word_1_160' title='bbox 139 2085 311 2168; x_wconf 89' lang='lat' dir='ltr'><strong>Pompeiani</strong></span> <span class='ocrx_word' id='word_1_161' title='bbox 326 2085 396 2147; x_wconf 91' lang='lat' dir='ltr'><strong>huic</strong></span> <span class='ocrx_word' id='word_1_162' title='bbox 407 2086 450 2147; x_wconf 87' lang='lat' dir='ltr'><strong>rei</strong></span> <span class='ocrx_word' id='word_1_163' title='bbox 463 2087 632 2149; x_wconf 84' lang='lat' dir='ltr'><strong>defuerunt.</strong></span> <span class='ocrx_word' id='word_1_164' title='bbox 664 2087 739 2148; x_wconf 93' lang='lat' dir='ltr'><strong>Nam</strong></span> <span class='ocrx_word' id='word_1_165' title='bbox 754 2095 785 2148; x_wconf 90' lang='lat' dir='ltr'><strong>et</strong></span> <span class='ocrx_word' id='word_1_166' title='bbox 799 2089 857 2149; x_wconf 92' lang='lat' dir='ltr'><strong>tela</strong></span> <span class='ocrx_word' id='word_1_167' title='bbox 873 2087 963 2148; x_wconf 89' lang='lat' dir='ltr'><strong>missa</strong></span> <span class='ocrx_word' id='word_1_168' title='bbox 978 2096 1161 2166; x_wconf 84' lang='lat' dir='ltr'><strong>exceperunt</strong></span> <span class='ocrx_word' id='word_1_169' title='bbox 1176 2096 1206 2150; x_wconf 89' lang='lat' dir='ltr'><strong>et</strong></span> 
     </span>
     <span class='ocr_line' id='line_1_22' title="bbox 141 2170 1208 2255; baseline 0.001 -20"><span class='ocrx_word' id='word_1_170' title='bbox 141 2175 286 2254; x_wconf 91' lang='lat' dir='ltr'><strong>impetum</strong></span> <span class='ocrx_word' id='word_1_171' title='bbox 307 2170 457 2251; x_wconf 83' lang='lat' dir='ltr'><strong>legionum</strong></span> <span class='ocrx_word' id='word_1_172' title='bbox 472 2173 606 2235; x_wconf 92' lang='lat' dir='ltr'><strong>tulerunt</strong></span> <span class='ocrx_word' id='word_1_173' title='bbox 621 2183 651 2234; x_wconf 94' lang='lat' dir='ltr'><strong>et</strong></span> <span class='ocrx_word' id='word_1_174' title='bbox 668 2173 787 2234; x_wconf 91' lang='lat' dir='ltr'><strong>ordines</strong></span> <span class='ocrx_word' id='word_1_175' title='bbox 809 2182 1060 2235; x_wconf 81' lang='lat' dir='ltr'><strong>conservaverunt</strong></span> <span class='ocrx_word' id='word_1_176' title='bbox 1080 2173 1208 2255; x_wconf 92' lang='lat' dir='ltr'><strong>pilisque</strong></span> 
     </span>
    </p>
   </div>
   <div class='ocr_carea' id='block_1_3' title="bbox 107 2347 1211 4061">
    <p class='ocr_par' dir='ltr' id='par_1_3' title="bbox 107 2347 1211 4061">
     <span class='ocr_line' id='line_1_23' title="bbox 141 2347 1209 2422; baseline -0.002 -16"><span class='ocrx_word' id='word_1_177' title='bbox 141 2352 646 2420; x_wconf 73' lang='lat' dir='ltr'><strong>batosquecaearape&#39;latmitgcringerer</strong></span> <span class='ocrx_word' id='word_1_178' title='bbox 699 2350 730 2404; x_wconf 74' lang='grc' dir='ltr'><strong>ἐν</strong></span> <span class='ocrx_word' id='word_1_179' title='bbox 745 2348 818 2422; x_wconf 73' lang='grc' dir='ltr'><em>ἀρχῇ</em></span> <span class='ocrx_word' id='word_1_180' title='bbox 831 2351 984 2420; x_wconf 74' lang='grc' dir='ltr'><strong><em>γινομένην</em></strong></span> <span class='ocrx_word' id='word_1_181' title='bbox 1001 2347 1150 2422; x_wconf 61' lang='lat' dir='ltr'><strong>quidpiam,</strong></span> <span class='ocrx_word' id='word_1_182' title='bbox 1172 2349 1209 2409; x_wconf 80' lang='grc' dir='ltr'><strong>ὡς</strong></span> 
     </span>
     <span class='ocr_line' id='line_1_24' title="bbox 141 2418 1211 2489; baseline -0.001 -15"><span class='ocrx_word' id='word_1_183' title='bbox 141 2419 217 2474; x_wconf 84' lang='lat' dir='ltr'><strong>liralt</strong></span> <span class='ocrx_word' id='word_1_184' title='bbox 229 2419 355 2472; x_wconf 78' lang='lat' dir='ltr'><strong>andallcn.</strong></span> <span class='ocrx_word' id='word_1_185' title='bbox 379 2421 406 2471; x_wconf 93' lang='lat' dir='ltr'><strong>B.</strong></span> <span class='ocrx_word' id='word_1_186' title='bbox 425 2418 457 2471; x_wconf 80' lang='lat' dir='ltr'><strong>G.</strong></span> <span class='ocrx_word' id='word_1_187' title='bbox 474 2420 499 2486; x_wconf 80' lang='lat'><strong>3,</strong></span> <span class='ocrx_word' id='word_1_188' title='bbox 518 2421 558 2482; x_wconf 83' lang='lat'><strong>14,</strong></span> <span class='ocrx_word' id='word_1_189' title='bbox 573 2423 601 2473; x_wconf 82' lang='lat' dir='ltr'><strong>t:</strong></span> <span class='ocrx_word' id='word_1_190' title='bbox 618 2427 646 2473; x_wconf 80' lang='lat' dir='ltr'><strong>ut</strong></span> <span class='ocrx_word' id='word_1_191' title='bbox 701 2418 731 2472; x_wconf 79' lang='grc' dir='ltr'><strong>ἔν</strong></span> <span class='ocrx_word' id='word_1_192' title='bbox 756 2435 785 2472; x_wconf 82' lang='lat' dir='ltr'><strong>re</strong></span> <span class='ocrx_word' id='word_1_193' title='bbox 809 2423 870 2477; x_wconf 82' lang='grc' dir='ltr'><strong><em>ταῖς</em></strong></span> <span class='ocrx_word' id='word_1_194' title='bbox 893 2421 1018 2487; x_wconf 69' lang='grc' dir='ltr'><em>πληγαῖς</em></span> <span class='ocrx_word' id='word_1_195' title='bbox 1034 2425 1100 2484; x_wconf 72' lang='grc' dir='ltr'><strong><em>βίαν</em></strong></span> <span class='ocrx_word' id='word_1_196' title='bbox 1120 2437 1211 2489; x_wconf 58' lang='lat' dir='ltr'><strong>uoce,</strong></span> 
     </span>
     <span class='ocr_line' id='line_1_25' title="bbox 141 2485 1209 2558; baseline -0.002 -15"><span class='ocrx_word' id='word_1_197' title='bbox 141 2491 193 2543; x_wconf 84' lang='lat' dir='ltr'><strong>tela</strong></span> <span class='ocrx_word' id='word_1_198' title='bbox 203 2517 221 2526; x_wconf 90' lang='lat'><em>-</em></span> <span class='ocrx_word' id='word_1_199' title='bbox 237 2489 317 2539; x_wconf 65' lang='lat' dir='ltr'><strong>musa</strong></span> <span class='ocrx_word' id='word_1_200' title='bbox 333 2490 365 2538; x_wconf 84' lang='lat' dir='ltr'><strong>ab</strong></span> <span class='ocrx_word' id='word_1_201' title='bbox 386 2487 463 2541; x_wconf 72' lang='lat' dir='ltr'><strong>daun</strong></span> <span class='ocrx_word' id='word_1_202' title='bbox 476 2493 585 2556; x_wconf 68' lang='lat' dir='ltr'><strong>granata</strong></span> <span class='ocrx_word' id='word_1_203' title='bbox 602 2506 647 2541; x_wconf 84' lang='lat' dir='ltr'><strong>ac·</strong></span> <span class='ocrx_word' id='word_1_204' title='bbox 699 2491 796 2554; x_wconf 57' lang='lat' dir='ltr'><strong>stenae</strong></span> <span class='ocrx_word' id='word_1_205' title='bbox 810 2488 856 2540; x_wconf 83' lang='grc' dir='ltr'><strong>καὶ</strong></span> <span class='ocrx_word' id='word_1_206' title='bbox 874 2491 1029 2540; x_wconf 79' lang='grc' dir='ltr'><strong><em>συνεκκαίει</em></strong></span> <span class='ocrx_word' id='word_1_207' title='bbox 1045 2485 1097 2540; x_wconf 80' lang='grc' dir='ltr'><strong>τὸν</strong></span> <span class='ocrx_word' id='word_1_208' title='bbox 1113 2486 1209 2558; x_wconf 73' lang='grc' dir='ltr'><strong><em>θυμὸν</em></strong></span> 
     </span>
     <span class='ocr_line' id='line_1_26' title="bbox 107 2550 1208 2627; baseline -0.001 -17"><span class='ocrx_word' id='word_1_209' title='bbox 107 2579 109 2581; x_wconf 65' lang='grc'><strong>’</strong></span> <span class='ocrx_word' id='word_1_210' title='bbox 140 2559 262 2610; x_wconf 77' lang='lat' dir='ltr'><strong>riderent.</strong></span> <span class='ocrx_word' id='word_1_211' title='bbox 282 2556 316 2619; x_wconf 84' lang='lat' dir='ltr'><strong>(S.</strong></span> <span class='ocrx_word' id='word_1_212' title='bbox 331 2557 437 2608; x_wconf 83' lang='lat' dir='ltr'><strong>lliistow</strong></span> <span class='ocrx_word' id='word_1_213' title='bbox 449 2575 471 2624; x_wconf 89' lang='lat' dir='ltr'><strong>p.</strong></span> <span class='ocrx_word' id='word_1_214' title='bbox 486 2558 583 2621; x_wconf 78' lang='lat'><strong>51).—</strong></span> <span class='ocrx_word' id='word_1_215' title='bbox 599 2557 647 2610; x_wconf 84' lang='lat' dir='ltr'><strong>du·</strong></span> <span class='ocrx_word' id='word_1_216' title='bbox 700 2555 731 2608; x_wconf 80' lang='grc' dir='ltr'><strong>ἒκ</strong></span> <span class='ocrx_word' id='word_1_217' title='bbox 755 2550 870 2608; x_wconf 76' lang='grc' dir='ltr'><strong><em>πάντων</em></strong></span> <span class='ocrx_word' id='word_1_218' title='bbox 890 2551 1155 2627; x_wconf 74' lang='grc' dir='ltr'><strong><em>ἄναῤῥιπιξόμενον.</em></strong></span> <span class='ocrx_word' id='word_1_219' title='bbox 1175 2587 1208 2595; x_wconf 96' lang='grc'>-</span> 
     </span>
     <span class='ocr_line' id='line_1_27' title="bbox 139 2627 1208 2695; baseline -0.005 -17"><span class='ocrx_word' id='word_1_220' title='bbox 139 2628 233 2695; x_wconf 83' lang='lat' dir='ltr'><strong>plicato</strong></span> <span class='ocrx_word' id='word_1_221' title='bbox 253 2640 345 2691; x_wconf 77' lang='lat' dir='ltr'><strong>cureat,</strong></span> <span class='ocrx_word' id='word_1_222' title='bbox 366 2627 398 2675; x_wconf 89' lang='lat' dir='ltr'><strong>da</strong></span> <span class='ocrx_word' id='word_1_223' title='bbox 418 2627 456 2677; x_wconf 89' lang='lat' dir='ltr'><strong>sie</strong></span> <span class='ocrx_word' id='word_1_224' title='bbox 476 2627 523 2678; x_wconf 83' lang='lat' dir='ltr'><strong>der</strong></span> <span class='ocrx_word' id='word_1_225' title='bbox 548 2642 645 2692; x_wconf 83' lang='lat' dir='ltr'><strong>ganzen</strong></span> <span class='ocrx_word' id='word_1_226' title='bbox 700 2628 775 2692; x_wconf 65' lang='grc' dir='ltr'><strong><em>νίςνια</em></strong></span> <span class='ocrx_word' id='word_1_227' title='bbox 795 2627 965 2676; x_wconf 62' lang='lat' dir='ltr'><strong>emanarent.-</strong></span> <span class='ocrx_word' id='word_1_228' title='bbox 987 2628 1108 2689; x_wconf 79' lang='lat' dir='ltr'><strong>orttinen3</strong></span> <span class='ocrx_word' id='word_1_229' title='bbox 1131 2629 1208 2693; x_wconf 56' lang='grc' dir='ltr'><strong>ειμι</strong></span> 
     </span>
     <span class='ocr_line' id='line_1_28' title="bbox 141 2692 1208 2755; baseline -0.002 -7"><span class='ocrx_word' id='word_1_230' title='bbox 141 2695 348 2748; x_wconf 85' lang='lat' dir='ltr'><strong>Zwischcnmum</strong></span> <span class='ocrx_word' id='word_1_231' title='bbox 360 2694 487 2746; x_wconf 84' lang='lat' dir='ltr'><strong>zwischcn</strong></span> <span class='ocrx_word' id='word_1_232' title='bbox 496 2695 545 2746; x_wconf 89' lang='lat' dir='ltr'><strong>den</strong></span> <span class='ocrx_word' id='word_1_233' title='bbox 554 2695 646 2747; x_wconf 82' lang='lat' dir='ltr'><strong>beiden</strong></span> <span class='ocrx_word' id='word_1_234' title='bbox 700 2695 734 2745; x_wconf 89' lang='lat' dir='ltr'><strong>ist</strong></span> <span class='ocrx_word' id='word_1_235' title='bbox 745 2692 769 2744; x_wconf 90' lang='lat' dir='ltr'>N</span> <span class='ocrx_word' id='word_1_236' title='bbox 771 2693 893 2744; x_wconf 78' lang='lat' dir='ltr'><strong>eminetis</strong></span> <span class='ocrx_word' id='word_1_237' title='bbox 905 2693 985 2755; x_wconf 82' lang='lat' dir='ltr'><strong>(nieht</strong></span> <span class='ocrx_word' id='word_1_238' title='bbox 1001 2692 1143 2744; x_wconf 78' lang='lat' dir='ltr'><strong>Accusativ</strong></span> <span class='ocrx_word' id='word_1_239' title='bbox 1159 2712 1208 2746; x_wconf 88' lang='lat' dir='ltr'><strong>von</strong></span> 
     </span>
     <span class='ocr_line' id='line_1_29' title="bbox 140 2761 1208 2828; baseline -0.002 -12"><span class='ocrx_word' id='word_1_240' title='bbox 140 2764 231 2816; x_wconf 88' lang='lat' dir='ltr'><strong>Linien</strong></span> <span class='ocrx_word' id='word_1_241' title='bbox 243 2778 274 2812; x_wconf 85' lang='lat' dir='ltr'><strong>za</strong></span> <span class='ocrx_word' id='word_1_242' title='bbox 285 2761 555 2828; x_wconf 83' lang='lat' dir='ltr'><strong>durcblauienhiitten,</strong></span> <span class='ocrx_word' id='word_1_243' title='bbox 563 2765 646 2814; x_wconf 86' lang='lat' dir='ltr'><strong>indem</strong></span> <span class='ocrx_word' id='word_1_244' title='bbox 700 2764 866 2824; x_wconf 66' lang='lat' dir='ltr'><strong>edomuerunt,</strong></span> <span class='ocrx_word' id='word_1_245' title='bbox 879 2763 954 2813; x_wconf 82' lang='lat' dir='ltr'><strong>niiml.</strong></span> <span class='ocrx_word' id='word_1_246' title='bbox 967 2763 1101 2826; x_wconf 73' lang='lat' dir='ltr'><strong>tubicines,</strong></span> <span class='ocrx_word' id='word_1_247' title='bbox 1113 2763 1208 2814; x_wconf 73' lang='lat' dir='ltr'><strong>abhin-</strong></span> 
     </span>
     <span class='ocr_line' id='line_1_30' title="bbox 140 2829 1208 2897; baseline -0.001 -13"><span class='ocrx_word' id='word_1_248' title='bbox 140 2834 215 2884; x_wconf 80' lang='lat' dir='ltr'><strong>ilmcn</strong></span> <span class='ocrx_word' id='word_1_249' title='bbox 242 2831 281 2880; x_wconf 89' lang='lat' dir='ltr'><strong>dic</strong></span> <span class='ocrx_word' id='word_1_250' title='bbox 305 2830 468 2897; x_wconf 87' lang='lat' dir='ltr'><strong>Pompeianer</strong></span> <span class='ocrx_word' id='word_1_251' title='bbox 491 2832 574 2897; x_wconf 90' lang='lat' dir='ltr'><strong>nicht,</strong></span> <span class='ocrx_word' id='word_1_252' title='bbox 597 2832 646 2882; x_wconf 88' lang='lat' dir='ltr'><strong>wie</strong></span> <span class='ocrx_word' id='word_1_253' title='bbox 700 2831 752 2895; x_wconf 73' lang='lat' dir='ltr'><strong>gig,</strong></span> <span class='ocrx_word' id='word_1_254' title='bbox 764 2830 815 2880; x_wconf 84' lang='lat' dir='ltr'><strong>wie</strong></span> <span class='ocrx_word' id='word_1_255' title='bbox 827 2829 889 2880; x_wconf 86' lang='lat' dir='ltr'><strong>Sall.</strong></span> <span class='ocrx_word' id='word_1_256' title='bbox 903 2829 955 2895; x_wconf 85' lang='lat' dir='ltr'><strong>lug.</strong></span> <span class='ocrx_word' id='word_1_257' title='bbox 974 2831 1016 2895; x_wconf 93' lang='grc'><strong>99,</strong></span> <span class='ocrx_word' id='word_1_258' title='bbox 1037 2831 1067 2880; x_wconf 86' lang='lat'><strong>1:</strong></span> <span class='ocrx_word' id='word_1_259' title='bbox 1085 2832 1208 2883; x_wconf 65' lang='lat' dir='ltr'><strong>tabicam</strong></span> 
     </span>
     <span class='ocr_line' id='line_1_31' title="bbox 141 2898 1208 2965; baseline -0.001 -13"><span class='ocrx_word' id='word_1_260' title='bbox 141 2906 214 2952; x_wconf 88' lang='lat' dir='ltr'><strong>sonst</strong></span> <span class='ocrx_word' id='word_1_261' title='bbox 225 2899 267 2948; x_wconf 83' lang='lat' dir='ltr'><strong>bei</strong></span> <span class='ocrx_word' id='word_1_262' title='bbox 279 2899 335 2949; x_wconf 88' lang='lat' dir='ltr'><strong>dem</strong></span> <span class='ocrx_word' id='word_1_263' title='bbox 344 2899 534 2964; x_wconf 76' lang='lat' dir='ltr'><strong>gegenscitigen</strong></span> <span class='ocrx_word' id='word_1_264' title='bbox 542 2898 646 2965; x_wconf 78' lang='lat' dir='ltr'><strong>Anlaul,</strong></span> <span class='ocrx_word' id='word_1_265' title='bbox 700 2901 777 2964; x_wconf 74' lang='lat' dir='ltr'><strong>st&#39;gna</strong></span> <span class='ocrx_word' id='word_1_266' title='bbox 786 2913 877 2949; x_wconf 78' lang='lat' dir='ltr'><strong>carcere</strong></span> <span class='ocrx_word' id='word_1_267' title='bbox 885 2901 984 2961; x_wconf 76' lang='lat' dir='ltr'><strong>iussitt3</strong></span> <span class='ocrx_word' id='word_1_268' title='bbox 997 2915 1026 2949; x_wconf 91' lang='lat' dir='ltr'><strong>so</strong></span> <span class='ocrx_word' id='word_1_269' title='bbox 1037 2901 1123 2964; x_wconf 58' lang='lat' dir='ltr'><strong>agna,</strong></span> <span class='ocrx_word' id='word_1_270' title='bbox 1133 2903 1208 2952; x_wconf 71' lang='lat' dir='ltr'><strong>trabae</strong></span> 
     </span>
     <span class='ocr_line' id='line_1_32' title="bbox 142 2966 1211 3032; baseline 0.001 -13"><span class='ocrx_word' id='word_1_271' title='bbox 142 2967 188 3020; x_wconf 83' lang='lat' dir='ltr'><strong>aul</strong></span> <span class='ocrx_word' id='word_1_272' title='bbox 204 2967 303 3017; x_wconf 87' lang='lat' dir='ltr'><strong>halbem</strong></span> <span class='ocrx_word' id='word_1_273' title='bbox 320 2966 404 3031; x_wconf 73' lang='lat' dir='ltr'><strong>Wege</strong></span> <span class='ocrx_word' id='word_1_274' title='bbox 422 2968 645 3031; x_wconf 75' lang='lat' dir='ltr'><strong>cntgcgcnlttimcn.</strong></span> <span class='ocrx_word' id='word_1_275' title='bbox 700 2971 808 3017; x_wconf 81' lang='lat' dir='ltr'><strong>canunt:</strong></span> <span class='ocrx_word' id='word_1_276' title='bbox 821 2966 877 3017; x_wconf 89' lang='lat' dir='ltr'><strong>Liv.</strong></span> <span class='ocrx_word' id='word_1_277' title='bbox 890 2967 915 3032; x_wconf 87' lang='grc'><strong>9,</strong></span> <span class='ocrx_word' id='word_1_278' title='bbox 928 2966 969 3030; x_wconf 81' lang='lat'><strong>32,</strong></span> <span class='ocrx_word' id='word_1_279' title='bbox 982 2967 1007 3027; x_wconf 78' lang='lat'><strong>63</strong></span> <span class='ocrx_word' id='word_1_280' title='bbox 1021 2967 1068 3032; x_wconf 85' lang='grc'><strong>39,</strong></span> <span class='ocrx_word' id='word_1_281' title='bbox 1082 2969 1107 3031; x_wconf 84' lang='grc'><strong>5,</strong></span> <span class='ocrx_word' id='word_1_282' title='bbox 1120 2969 1148 3018; x_wconf 83' lang='lat'><strong>2:</strong></span> <span class='ocrx_word' id='word_1_283' title='bbox 1167 2971 1211 3020; x_wconf 81' lang='lat' dir='ltr'><strong>ubi</strong></span> 
     </span>
     <span class='ocr_line' id='line_1_33' title="bbox 142 3033 981 3102; baseline -0.004 -15"><span class='ocrx_word' id='word_1_284' title='bbox 142 3035 202 3087; x_wconf 85' lang='lat' dir='ltr'><strong>Wic</strong></span> <span class='ocrx_word' id='word_1_285' title='bbox 221 3034 264 3085; x_wconf 88' lang='lat' dir='ltr'><strong>die</strong></span> <span class='ocrx_word' id='word_1_286' title='bbox 279 3033 512 3100; x_wconf 79' lang='lat' dir='ltr'><strong>kampigcwobntcn</strong></span> <span class='ocrx_word' id='word_1_287' title='bbox 528 3037 645 3102; x_wconf 83' lang='lat' dir='ltr'><strong>Truppea</strong></span> <span class='ocrx_word' id='word_1_288' title='bbox 701 3039 777 3102; x_wconf 65' lang='grc' dir='ltr'><strong><em>νὶςιια</em></strong></span> <span class='ocrx_word' id='word_1_289' title='bbox 788 3037 981 3085; x_wconf 65' lang='lat' dir='ltr'><strong>conuenissent.</strong></span> 
     </span>
     <span class='ocr_line' id='line_1_34' title="bbox 143 3093 1208 3222; baseline 0 -67"><span class='ocrx_word' id='word_1_290' title='bbox 143 3104 199 3156; x_wconf 89' lang='lat' dir='ltr'><strong>sich</strong></span> <span class='ocrx_word' id='word_1_291' title='bbox 211 3102 323 3167; x_wconf 78' lang='lat' dir='ltr'><strong>dagcgen</strong></span> <span class='ocrx_word' id='word_1_292' title='bbox 336 3103 487 3166; x_wconf 86' lang='lat' dir='ltr'><strong>verhielten,</strong></span> <span class='ocrx_word' id='word_1_293' title='bbox 500 3120 521 3154; x_wconf 89' lang='lat' dir='ltr'><strong>s.</strong></span> <span class='ocrx_word' id='word_1_294' title='bbox 535 3119 558 3154; x_wconf 87' lang='lat' dir='ltr'><strong>e.</strong></span> <span class='ocrx_word' id='word_1_295' title='bbox 570 3104 612 3169; x_wconf 81' lang='lat'><strong>9³,</strong></span> <span class='ocrx_word' id='word_1_296' title='bbox 624 3105 646 3154; x_wconf 89' lang='lat' dir='ltr'><strong>t.</strong></span> <span class='ocrx_word' id='word_1_297' title='bbox 735 3093 788 3154; x_wconf 76' lang='grc'><strong>93.</strong></span> <span class='ocrx_word' id='word_1_298' title='bbox 815 3105 837 3154; x_wconf 92' lang='grc'><strong>1.</strong></span> <span class='ocrx_word' id='word_1_299' title='bbox 858 3105 965 3222; x_wconf 44' lang='lat' dir='ltr'><strong>mestis</strong></span> <span class='ocrx_word' id='word_1_300' title='bbox 982 3102 1051 3170; x_wconf 61' lang='lat' dir='ltr'><strong>pelet,</strong></span> <span class='ocrx_word' id='word_1_301' title='bbox 1068 3103 1155 3154; x_wconf 83' lang='lat' dir='ltr'><strong>iudom</strong></span> <span class='ocrx_word' id='word_1_302' title='bbox 1171 3103 1208 3156; x_wconf 87' lang='lat' dir='ltr'><strong>sie</strong></span> 
     </span>
     <span class='ocr_line' id='line_1_35' title="bbox 177 3168 1206 3238; baseline 0.002 -17"><span class='ocrx_word' id='word_1_303' title='bbox 177 3171 201 3221; x_wconf 84' lang='lat'><strong>3.</strong></span> <span class='ocrx_word' id='word_1_304' title='bbox 220 3168 289 3220; x_wconf 82' lang='lat' dir='ltr'><strong>nulla</strong></span> <span class='ocrx_word' id='word_1_305' title='bbox 301 3171 648 3236; x_wconf 59' lang='lat' dir='ltr'><strong>ratonemmprudenteqtn-</strong></span> <span class='ocrx_word' id='word_1_306' title='bbox 701 3171 743 3223; x_wconf 90' lang='lat' dir='ltr'><strong>die</strong></span> <span class='ocrx_word' id='word_1_307' title='bbox 755 3171 808 3238; x_wconf 86' lang='lat' dir='ltr'><strong>pila</strong></span> <span class='ocrx_word' id='word_1_308' title='bbox 819 3186 861 3221; x_wconf 83' lang='lat' dir='ltr'><strong>wa</strong></span> <span class='ocrx_word' id='word_1_309' title='bbox 905 3172 973 3223; x_wconf 88' lang='lat' dir='ltr'><strong>creit</strong></span> <span class='ocrx_word' id='word_1_310' title='bbox 988 3170 1100 3222; x_wconf 82' lang='lat' dir='ltr'><strong>erhoben</strong></span> <span class='ocrx_word' id='word_1_311' title='bbox 1112 3173 1206 3223; x_wconf 78' lang='lat' dir='ltr'><strong>balteo.</strong></span> 
     </span>
     <span class='ocr_line' id='line_1_36' title="bbox 144 3238 1209 3307; baseline -0.002 -15"><span class='ocrx_word' id='word_1_312' title='bbox 144 3238 648 3305; x_wconf 74' lang='lat' dir='ltr'><strong>coemite,weilobneBeriiclrsicbtigung</strong></span> <span class='ocrx_word' id='word_1_313' title='bbox 700 3240 789 3304; x_wconf 81' lang='lat' dir='ltr'><strong>Vergl.</strong></span> <span class='ocrx_word' id='word_1_314' title='bbox 811 3241 856 3290; x_wconf 89' lang='lat' dir='ltr'><strong>das</strong></span> <span class='ocrx_word' id='word_1_315' title='bbox 876 3239 974 3304; x_wconf 72' lang='lat' dir='ltr'><strong>biullge</strong></span> <span class='ocrx_word' id='word_1_316' title='bbox 1000 3240 1107 3305; x_wconf 66' lang='lat' dir='ltr'><strong>iqfestrb</strong></span> <span class='ocrx_word' id='word_1_317' title='bbox 1126 3243 1209 3307; x_wconf 64' lang='lat' dir='ltr'><strong>agnis</strong></span> 
     </span>
     <span class='ocr_line' id='line_1_37' title="bbox 143 3304 1207 3374; baseline -0.001 -15"><span class='ocrx_word' id='word_1_318' title='bbox 143 3304 280 3359; x_wconf 79' lang='lat' dir='ltr'><strong>derllatur</strong></span> <span class='ocrx_word' id='word_1_319' title='bbox 290 3308 334 3358; x_wconf 87' lang='lat' dir='ltr'><strong>des</strong></span> <span class='ocrx_word' id='word_1_320' title='bbox 344 3306 489 3373; x_wconf 87' lang='lat' dir='ltr'><strong>blenscben,</strong></span> <span class='ocrx_word' id='word_1_321' title='bbox 499 3306 545 3358; x_wconf 82' lang='lat' dir='ltr'><strong>aul</strong></span> <span class='ocrx_word' id='word_1_322' title='bbox 551 3308 591 3359; x_wconf 83' lang='lat' dir='ltr'><strong>dic</strong></span> <span class='ocrx_word' id='word_1_323' title='bbox 601 3310 648 3360; x_wconf 84' lang='lat' dir='ltr'><strong>der</strong></span> <span class='ocrx_word' id='word_1_324' title='bbox 701 3307 727 3374; x_wconf 57' lang='grc' dir='ltr'><strong>(ᾖ</strong></span> <span class='ocrx_word' id='word_1_325' title='bbox 741 3308 809 3370; x_wconf 76' lang='lat'><strong>5313.</strong></span> <span class='ocrx_word' id='word_1_326' title='bbox 823 3306 853 3358; x_wconf 85' lang='lat' dir='ltr'><strong>G.</strong></span> <span class='ocrx_word' id='word_1_327' title='bbox 867 3308 892 3372; x_wconf 90' lang='lat'><strong>6,</strong></span> <span class='ocrx_word' id='word_1_328' title='bbox 905 3309 929 3371; x_wconf 86' lang='lat'><strong>8,</strong></span> <span class='ocrx_word' id='word_1_329' title='bbox 943 3309 958 3358; x_wconf 88' lang='grc'><strong>6</strong></span> <span class='ocrx_word' id='word_1_330' title='bbox 970 3324 994 3358; x_wconf 90' lang='lat' dir='ltr'><strong>u.</strong></span> <span class='ocrx_word' id='word_1_331' title='bbox 1008 3309 1041 3369; x_wconf 76' lang='lat' dir='ltr'><strong>a.)</strong></span> <span class='ocrx_word' id='word_1_332' title='bbox 1054 3323 1105 3359; x_wconf 90' lang='lat' dir='ltr'><strong>von</strong></span> <span class='ocrx_word' id='word_1_333' title='bbox 1115 3310 1173 3360; x_wconf 86' lang='lat' dir='ltr'><strong>dem</strong></span> <span class='ocrx_word' id='word_1_334' title='bbox 1184 3310 1207 3358; x_wconf 85' lang='lat' dir='ltr'><strong>in</strong></span> 
     </span>
     <span class='ocr_line' id='line_1_38' title="bbox 143 3374 1208 3438; baseline 0.001 -11"><span class='ocrx_word' id='word_1_335' title='bbox 143 3376 268 3428; x_wconf 85' lang='lat' dir='ltr'><strong>Feldlrerr</strong></span> <span class='ocrx_word' id='word_1_336' title='bbox 279 3393 311 3426; x_wconf 85' lang='lat' dir='ltr'><strong>zu</strong></span> <span class='ocrx_word' id='word_1_337' title='bbox 323 3377 412 3427; x_wconf 80' lang='lat' dir='ltr'><strong>acbtcn</strong></span> <span class='ocrx_word' id='word_1_338' title='bbox 423 3377 475 3426; x_wconf 82' lang='lat' dir='ltr'><strong>bat.</strong></span> <span class='ocrx_word' id='word_1_339' title='bbox 488 3405 521 3414; x_wconf 89' lang='lat'>-</span> <span class='ocrx_word' id='word_1_340' title='bbox 538 3380 647 3429; x_wconf 71' lang='lat' dir='ltr'><strong>amura—</strong></span> <span class='ocrx_word' id='word_1_341' title='bbox 700 3376 937 3438; x_wconf 74' lang='lat' dir='ltr'><strong>Schlechtordnung</strong></span> <span class='ocrx_word' id='word_1_342' title='bbox 945 3375 992 3427; x_wconf 80' lang='lat' dir='ltr'><strong>aui</strong></span> <span class='ocrx_word' id='word_1_343' title='bbox 1000 3377 1049 3426; x_wconf 83' lang='lat' dir='ltr'><strong>don</strong></span> <span class='ocrx_word' id='word_1_344' title='bbox 1062 3374 1147 3428; x_wconf 85' lang='lat' dir='ltr'><strong>Feiud</strong></span> <span class='ocrx_word' id='word_1_345' title='bbox 1158 3377 1208 3428; x_wconf 89' lang='lat' dir='ltr'><strong>los-</strong></span> 
     </span>
     <span class='ocr_line' id='line_1_39' title="bbox 144 3442 1188 3510; baseline 0.001 -14"><span class='ocrx_word' id='word_1_346' title='bbox 144 3445 208 3510; x_wconf 83' lang='lat' dir='ltr'><strong>liter,</strong></span> <span class='ocrx_word' id='word_1_347' title='bbox 229 3443 274 3495; x_wconf 87' lang='lat' dir='ltr'><strong>das</strong></span> <span class='ocrx_word' id='word_1_348' title='bbox 294 3459 352 3495; x_wconf 78' lang='lat' dir='ltr'><strong>mas</strong></span> <span class='ocrx_word' id='word_1_349' title='bbox 368 3443 410 3495; x_wconf 88' lang='lat' dir='ltr'><strong>liir</strong></span> <span class='ocrx_word' id='word_1_350' title='bbox 424 3445 583 3497; x_wconf 85' lang='lat' dir='ltr'><strong>unclassiscb</strong></span> <span class='ocrx_word' id='word_1_351' title='bbox 603 3461 647 3509; x_wconf 73' lang='lat' dir='ltr'><strong>gc-</strong></span> <span class='ocrx_word' id='word_1_352' title='bbox 700 3445 837 3508; x_wconf 69' lang='lat' dir='ltr'><strong>schenden,</strong></span> <span class='ocrx_word' id='word_1_353' title='bbox 850 3442 1083 3508; x_wconf 80' lang='lat' dir='ltr'><strong>geleobtsbereiten</strong></span> <span class='ocrx_word' id='word_1_354' title='bbox 1096 3445 1188 3497; x_wconf 82' lang='lat' dir='ltr'><strong>licere.</strong></span> 
     </span>
     <span class='ocr_line' id='line_1_40' title="bbox 143 3512 1207 3578; baseline 0.001 -14"><span class='ocrx_word' id='word_1_355' title='bbox 143 3513 230 3564; x_wconf 73' lang='lat' dir='ltr'><strong>holten</strong></span> <span class='ocrx_word' id='word_1_356' title='bbox 241 3515 295 3574; x_wconf 89' lang='lat' dir='ltr'><strong>bat,</strong></span> <span class='ocrx_word' id='word_1_357' title='bbox 313 3512 364 3564; x_wconf 88' lang='lat' dir='ltr'><strong>Cic.</strong></span> <span class='ocrx_word' id='word_1_358' title='bbox 377 3513 407 3564; x_wconf 86' lang='lat' dir='ltr'><strong>de</strong></span> <span class='ocrx_word' id='word_1_359' title='bbox 419 3513 477 3564; x_wconf 84' lang='lat' dir='ltr'><strong>niv.</strong></span> <span class='ocrx_word' id='word_1_360' title='bbox 493 3516 515 3576; x_wconf 91' lang='lat' dir='ltr'><strong>l,</strong></span> <span class='ocrx_word' id='word_1_361' title='bbox 529 3516 569 3578; x_wconf 81' lang='lat'><strong>50,</strong></span> <span class='ocrx_word' id='word_1_362' title='bbox 585 3513 645 3564; x_wconf 81' lang='lat'>11³:</span> <span class='ocrx_word' id='word_1_363' title='bbox 734 3513 758 3562; x_wconf 83' lang='lat'><strong>2.</strong></span> <span class='ocrx_word' id='word_1_364' title='bbox 771 3513 829 3562; x_wconf 82' lang='lat' dir='ltr'><strong>buia</strong></span> <span class='ocrx_word' id='word_1_365' title='bbox 838 3515 878 3562; x_wconf 75' lang='grc' dir='ltr'><strong><em>νον·</em></strong></span> <span class='ocrx_word' id='word_1_366' title='bbox 887 3512 1038 3578; x_wconf 53' lang='lat' dir='ltr'><strong>&amp;fumuit</strong></span> <span class='ocrx_word' id='word_1_367' title='bbox 1051 3527 1073 3561; x_wconf 87' lang='lat' dir='ltr'><strong>c.</strong></span> <span class='ocrx_word' id='word_1_368' title='bbox 1088 3514 1130 3577; x_wconf 80' lang='lat'><strong>79,</strong></span> <span class='ocrx_word' id='word_1_369' title='bbox 1146 3515 1168 3564; x_wconf 88' lang='lat' dir='ltr'><strong>l.</strong></span> <span class='ocrx_word' id='word_1_370' title='bbox 1177 3541 1207 3551; x_wconf 91' lang='lat'>-</span> 
     </span>
     <span class='ocr_line' id='line_1_41' title="bbox 143 3579 1207 3645; baseline -0.001 -12"><span class='ocrx_word' id='word_1_371' title='bbox 143 3582 366 3633; x_wconf 72' lang='lat' dir='ltr'><strong>enimurbemiuir</strong></span> <span class='ocrx_word' id='word_1_372' title='bbox 375 3581 529 3633; x_wconf 78' lang='lat' dir='ltr'><strong>naturaliter</strong></span> <span class='ocrx_word' id='word_1_373' title='bbox 541 3581 646 3632; x_wconf 82' lang='lat' dir='ltr'><strong>divinat.</strong></span> <span class='ocrx_word' id='word_1_374' title='bbox 700 3579 736 3630; x_wconf 83' lang='lat' dir='ltr'><strong>ad</strong></span> <span class='ocrx_word' id='word_1_375' title='bbox 751 3579 852 3645; x_wconf 68' lang='lat' dir='ltr'><strong>gludeae</strong></span> <span class='ocrx_word' id='word_1_376' title='bbox 871 3580 1017 3644; x_wconf 73' lang='lat' dir='ltr'><strong>redierant,</strong></span> <span class='ocrx_word' id='word_1_377' title='bbox 1039 3581 1080 3631; x_wconf 84' lang='lat' dir='ltr'><strong>als</strong></span> <span class='ocrx_word' id='word_1_378' title='bbox 1101 3597 1135 3631; x_wconf 80' lang='lat' dir='ltr'><strong>zu</strong></span> <span class='ocrx_word' id='word_1_379' title='bbox 1155 3583 1207 3632; x_wconf 89' lang='lat' dir='ltr'><strong>den</strong></span> 
     </span>
     <span class='ocr_line' id='line_1_42' title="bbox 143 3648 1209 3716; baseline 0.001 -16"><span class='ocrx_word' id='word_1_380' title='bbox 143 3650 191 3702; x_wconf 77' lang='lat' dir='ltr'><strong>llic</strong></span> <span class='ocrx_word' id='word_1_381' title='bbox 212 3649 398 3716; x_wconf 83' lang='lat' dir='ltr'><strong>pleonastisclre</strong></span> <span class='ocrx_word' id='word_1_382' title='bbox 421 3650 648 3702; x_wconf 80' lang='lat' dir='ltr'><strong>Ausdruclrswcise</strong></span> <span class='ocrx_word' id='word_1_383' title='bbox 702 3649 798 3700; x_wconf 86' lang='lat' dir='ltr'><strong>lctzten</strong></span> <span class='ocrx_word' id='word_1_384' title='bbox 807 3648 866 3713; x_wconf 80' lang='lat' dir='ltr'><strong>Act,</strong></span> <span class='ocrx_word' id='word_1_385' title='bbox 873 3650 927 3710; x_wconf 87' lang='lat' dir='ltr'><strong>der,</strong></span> <span class='ocrx_word' id='word_1_386' title='bbox 938 3648 1111 3700; x_wconf 82' lang='lat' dir='ltr'><strong>nachderndio</strong></span> <span class='ocrx_word' id='word_1_387' title='bbox 1121 3648 1209 3701; x_wconf 83' lang='lat' dir='ltr'><strong>Wnri·</strong></span> 
     </span>
     <span class='ocr_line' id='line_1_43' title="bbox 142 3716 1208 3782; baseline 0 -13"><span class='ocrx_word' id='word_1_388' title='bbox 142 3721 196 3769; x_wconf 75' lang='lat' dir='ltr'><strong>aar.</strong></span> <span class='ocrx_word' id='word_1_389' title='bbox 216 3719 307 3768; x_wconf 82' lang='lat' dir='ltr'><strong>innata</strong></span> <span class='ocrx_word' id='word_1_390' title='bbox 326 3718 408 3768; x_wconf 79' lang='lat' dir='ltr'><strong>haben</strong></span> <span class='ocrx_word' id='word_1_391' title='bbox 427 3718 478 3768; x_wconf 85' lang='lat' dir='ltr'><strong>wir</strong></span> <span class='ocrx_word' id='word_1_392' title='bbox 501 3720 572 3769; x_wconf 85' lang='lat' dir='ltr'><strong>anob.</strong></span> <span class='ocrx_word' id='word_1_393' title='bbox 595 3718 650 3768; x_wconf 90' lang='lat' dir='ltr'><strong>Zur</strong></span> <span class='ocrx_word' id='word_1_394' title='bbox 702 3718 838 3780; x_wconf 74' lang='lat' dir='ltr'><strong>gescbossc</strong></span> <span class='ocrx_word' id='word_1_395' title='bbox 860 3717 1016 3768; x_wconf 78' lang='lat' dir='ltr'><strong>verbreuebt</strong></span> <span class='ocrx_word' id='word_1_396' title='bbox 1038 3716 1111 3782; x_wconf 87' lang='lat' dir='ltr'><strong>sind,</strong></span> <span class='ocrx_word' id='word_1_397' title='bbox 1136 3718 1208 3781; x_wconf 69' lang='lat' dir='ltr'><strong>iibris</strong></span> 
     </span>
     <span class='ocr_line' id='line_1_44' title="bbox 144 3784 1209 3852; baseline -0.001 -14"><span class='ocrx_word' id='word_1_398' title='bbox 144 3787 318 3851; x_wconf 80' lang='lat' dir='ltr'><strong>Sacbcvergl.</strong></span> <span class='ocrx_word' id='word_1_399' title='bbox 331 3786 393 3852; x_wconf 80' lang='lat' dir='ltr'><strong>App.</strong></span> <span class='ocrx_word' id='word_1_400' title='bbox 408 3786 483 3849; x_wconf 60' lang='lat'><strong>279.</strong></span> <span class='ocrx_word' id='word_1_401' title='bbox 497 3785 563 3836; x_wconf 83' lang='lat' dir='ltr'><strong>Plut.</strong></span> <span class='ocrx_word' id='word_1_402' title='bbox 575 3784 647 3838; x_wconf 84' lang='lat' dir='ltr'><strong>Caes.</strong></span> <span class='ocrx_word' id='word_1_403' title='bbox 702 3801 769 3848; x_wconf 80' lang='lat' dir='ltr'><strong>war3</strong></span> <span class='ocrx_word' id='word_1_404' title='bbox 792 3785 874 3848; x_wconf 73' lang='lat' dir='ltr'><strong>vergl.</strong></span> <span class='ocrx_word' id='word_1_405' title='bbox 896 3785 942 3836; x_wconf 81' lang='lat' dir='ltr'><strong>das</strong></span> <span class='ocrx_word' id='word_1_406' title='bbox 963 3784 1093 3835; x_wconf 80' lang='lat' dir='ltr'><strong>bekanrte</strong></span> <span class='ocrx_word' id='word_1_407' title='bbox 1114 3800 1159 3836; x_wconf 72' lang='lat' dir='ltr'><strong>res</strong></span> <span class='ocrx_word' id='word_1_408' title='bbox 1178 3784 1209 3837; x_wconf 80' lang='lat' dir='ltr'><strong>ed</strong></span> 
     </span>
     <span class='ocr_line' id='line_1_45' title="bbox 144 3851 1207 3922; baseline 0 -18"><span class='ocrx_word' id='word_1_409' title='bbox 144 3854 192 3904; x_wconf 83' lang='lat'><strong>44:</strong></span> <span class='ocrx_word' id='word_1_410' title='bbox 215 3856 329 3922; x_wconf 81' lang='grc' dir='ltr'><strong><em>Καῖσαρ</em></strong></span> <span class='ocrx_word' id='word_1_411' title='bbox 354 3851 385 3906; x_wconf 74' lang='grc' dir='ltr'><strong>δὲ</strong></span> <span class='ocrx_word' id='word_1_412' title='bbox 408 3853 454 3904; x_wconf 78' lang='grc' dir='ltr'><strong>καὶ</strong></span> <span class='ocrx_word' id='word_1_413' title='bbox 477 3853 543 3921; x_wconf 78' lang='grc' dir='ltr'><strong>περὶ</strong></span> <span class='ocrx_word' id='word_1_414' title='bbox 565 3855 648 3904; x_wconf 77' lang='grc' dir='ltr'>τοῦτο</span> <span class='ocrx_word' id='word_1_415' title='bbox 702 3855 805 3904; x_wconf 69' lang='lat' dir='ltr'><strong>mattos</strong></span> <span class='ocrx_word' id='word_1_416' title='bbox 821 3852 893 3904; x_wconf 84' lang='lat' dir='ltr'><strong>redit.</strong></span> <span class='ocrx_word' id='word_1_417' title='bbox 923 3853 971 3904; x_wconf 81' lang='lat' dir='ltr'><strong>bie</strong></span> <span class='ocrx_word' id='word_1_418' title='bbox 989 3851 1092 3918; x_wconf 81' lang='lat' dir='ltr'><strong>tnpfcre</strong></span> <span class='ocrx_word' id='word_1_419' title='bbox 1110 3853 1207 3919; x_wconf 76' lang='lat' dir='ltr'><strong>Gegan-</strong></span> 
     </span>
     <span class='ocr_line' id='line_1_46' title="bbox 144 3916 1207 3990; baseline 0.003 -21"><span class='ocrx_word' id='word_1_420' title='bbox 144 3918 311 3990; x_wconf 79' lang='grc' dir='ltr'><strong><em>διαμαρτεῖν</em></strong></span> <span class='ocrx_word' id='word_1_421' title='bbox 331 3934 419 3990; x_wconf 79' lang='grc' dir='ltr'><strong><em>φησιν</em></strong></span> <span class='ocrx_word' id='word_1_422' title='bbox 439 3916 525 3972; x_wconf 77' lang='grc' dir='ltr'><strong><em>αὑτὸν</em></strong></span> <span class='ocrx_word' id='word_1_423' title='bbox 546 3918 648 3989; x_wconf 63' lang='lat' dir='ltr'><strong>dyved·</strong></span> <span class='ocrx_word' id='word_1_424' title='bbox 701 3922 773 3972; x_wconf 84' lang='lat' dir='ltr'><strong>wchr</strong></span> <span class='ocrx_word' id='word_1_425' title='bbox 788 3923 833 3972; x_wconf 83' lang='lat' dir='ltr'><strong>des</strong></span> <span class='ocrx_word' id='word_1_426' title='bbox 850 3918 1005 3972; x_wconf 80' lang='lat' dir='ltr'><strong>ieindlichcn</strong></span> <span class='ocrx_word' id='word_1_427' title='bbox 1022 3919 1144 3986; x_wconf 80' lang='lat' dir='ltr'><strong>Flligels,</strong></span> <span class='ocrx_word' id='word_1_428' title='bbox 1164 3924 1207 3974; x_wconf 89' lang='lat' dir='ltr'><strong>der</strong></span> 
     </span>
     <span class='ocr_line' id='line_1_47' title="bbox 146 3983 1205 4061; baseline 0.001 -21"><span class='ocrx_word' id='word_1_429' title='bbox 146 3999 234 4041; x_wconf 81' lang='grc' dir='ltr'><strong><em>σαντα</em></strong></span> <span class='ocrx_word' id='word_1_430' title='bbox 243 3983 371 4058; x_wconf 69' lang='lat' dir='ltr'><strong>adaperit</strong></span> <span class='ocrx_word' id='word_1_431' title='bbox 382 3984 491 4060; x_wconf 82' lang='grc' dir='ltr'><em>δρόμου</em></span> <span class='ocrx_word' id='word_1_432' title='bbox 500 3989 546 4040; x_wconf 77' lang='grc' dir='ltr'><strong>καὶ</strong></span> <span class='ocrx_word' id='word_1_433' title='bbox 555 3990 648 4061; x_wconf 79' lang='grc' dir='ltr'><strong><em>φορᾶς</em></strong></span> <span class='ocrx_word' id='word_1_434' title='bbox 702 3991 750 4041; x_wconf 81' lang='lat' dir='ltr'><strong>don</strong></span> <span class='ocrx_word' id='word_1_435' title='bbox 770 3988 844 4042; x_wconf 77' lang='lat' dir='ltr'><strong>Stots</strong></span> <span class='ocrx_word' id='word_1_436' title='bbox 864 3988 950 4057; x_wconf 83' lang='lat' dir='ltr'><strong>tepier</strong></span> <span class='ocrx_word' id='word_1_437' title='bbox 970 3989 1152 4043; x_wconf 70' lang='lat' dir='ltr'><strong>ambiebant</strong></span> <span class='ocrx_word' id='word_1_438' title='bbox 1168 3990 1205 4043; x_wconf 77' lang='lat' dir='ltr'><strong>die</strong></span> 
     </span>
    </p>
   </div>
   <div class='ocr_carea' id='block_1_4' title="bbox 0 0 1295 4424">
    <p class='ocr_par' dir='ltr' id='par_1_4' title="bbox 0 0 1295 4424">
     <span class='ocr_line' id='line_1_48' title="bbox 0 0 1295 4424; baseline 0 0"><span class='ocrx_word' id='word_1_439' title='bbox 0 0 1295 4424; x_wconf 95' lang='lat' dir='ltr'><strong> </strong></span> 
     </span>
    </p>
   </div>
  </div>
 </body>
</html>
