2572 4424
526 250 555 305 n.
574 254 685 305 rr-rr.
1076 258 1134 321 161

67 417 266 488 conspectum
271 426 460 470 reversurum
473 409 630 470 confirmat
639 417 727 490 atque
739 410 779 471 ita
790 410 938 491 proelians
950 411 1134 475 interficitur.

67 494 193 575 Equites
209 514 246 555 ex
260 494 373 575 proeho
388 495 528 576 perpauci
545 514 577 555 se
593 496 755 575 recipiunt3
776 498 828 557 sed
844 497 874 569 ii,
890 517 966 577 quos
981 499 1017 560 ad
1033 501 1135 560 noris-
1156 514 1171 562 5

66 580 180 641 simum
196 599 302 660 agmen
318 600 464 661 equorum
476 582 705 642 reficiendorum
719 600 806 644 causa
822 584 992 645 substitisse
1008 585 1135 646 demon-

66 674 197 729 stratum
213 675 267 741 est,
283 667 352 746 fuga
366 667 458 728 totius
474 668 621 729 exercitus
633 669 735 746 procul
750 669 954 730 animadversa
969 689 1036 731 sese
1051 672 1136 732 inco-

66 754 165 813 lumes
192 752 224 812 in
250 761 343 814 castra
374 754 542 814 conferunt.
588 753 695 814 Milites
722 754 758 814 ad
785 772 878 816 unum
903 774 1017 818 omnes
1040 756 1135 818 inter-

66 838 219 899 ficiuntur.

155 922 206 985 43.
228 923 280 984 His
299 923 391 985 rebus
413 923 538 1003 cognitis
554 923 680 985 Marcius
703 924 797 985 Rufus
818 934 958 1006 quaestor
977 926 1008 987 in
1030 928 1134 989 castris

66 1008 191 1071 relictus
203 1029 218 1070 a
232 1009 360 1071 Curione
372 1011 544 1070 cohortatur
556 1028 637 1083 suos,
657 1029 694 1070 ne
708 1011 807 1071 animo
821 1011 966 1073 deficiant.
993 1013 1036 1073 llli
1048 1023 1135 1074 orant

66 1104 156 1175 atque
172 1095 339 1168 obsecrant,
357 1095 438 1156 utin
454 1094 582 1156 Siciliam
598 1096 723 1157 navibus
739 1104 939 1175 reportentur.
976 1097 1135 1160 Pollicetur

66 1180 278 1261 magistrisque
295 1180 422 1261 imperat
436 1181 567 1253 navium,
588 1190 622 1241 ut
637 1181 733 1260 primo
749 1202 872 1262 vespere
888 1200 993 1243 omnes
1010 1185 1133 1264 scaphas

65 1266 102 1327 ad
121 1266 195 1327 litus
211 1267 348 1346 appulsas
369 1267 506 1328 habeant.
544 1266 603 1327 Sed
622 1275 721 1328 tantus
742 1268 799 1329 fuit
815 1270 949 1330 omnium
965 1278 1077 1342 terror,
1099 1279 1133 1330 ut
1153 1283 1169 1333 2

65 1352 114 1413 alii
134 1352 241 1413 adesse
263 1353 362 1432 copias
384 1352 473 1413 lubae
495 1352 643 1425 dicerent,
665 1354 712 1415 alii
734 1373 802 1415 cum
828 1355 994 1435 legionibus
1021 1355 1133 1416 instare

65 1436 175 1499 Varum
193 1438 310 1517 iamque
326 1458 359 1500 se
374 1439 526 1518 pulverem
540 1438 725 1500 venientium
738 1458 862 1501 cernere
878 1444 1016 1520 (quarum
1031 1460 1132 1501 rerum

65 1523 142 1585 nihil
157 1524 282 1584 omniuo
297 1525 464 1600 acciderat),
477 1524 525 1584 alii
541 1526 663 1585 classem
680 1526 812 1586 hostium
829 1526 965 1587 celeriter
979 1528 1133 1588 advolatu-

64 1626 129 1670 ram
145 1608 378 1689 suspicareutur.
404 1610 506 1689 ltaque
518 1610 684 1689 perterritis
697 1612 836 1673 omnibus
852 1612 908 1673 sibi
921 1612 1048 1691 quisque
1061 1630 1134 1673 con-

65 1694 192 1755 sulebat.
219 1694 276 1769 Qui
291 1696 323 1755 in
335 1697 428 1757 classe
441 1703 534 1767 erant,
550 1696 696 1774 proficisci
708 1697 914 1775 properabant.
937 1696 1052 1758 Horum
1064 1698 1133 1777 fuga
1154 1707 1169 1757 3

65 1781 187 1841 narium
204 1780 407 1843 onerariarum
419 1781 574 1861 magistros
586 1782 740 1855 incitabat3
755 1782 841 1861 pauci
853 1781 1005 1843 lenunculi
1018 1784 1052 1844 ad
1065 1784 1134 1844 orfi-

65 1865 146 1927 cium
161 1865 381 1947 imperiumque
397 1866 623 1928 conveniebant.
654 1868 711 1928 Sed
723 1877 805 1930 tanta
821 1876 884 1929 erat
895 1869 1049 1948 completis
1064 1869 1134 1930 lito·
1154 1881 1170 1930 4

63 1951 149 2013 ribus
170 1953 339 2026 contentio,
367 1953 418 2032 qui
437 1952 683 2032 potissimumex
704 1972 811 2032 magno
837 1972 963 2015 numero
988 1971 1135 2015 conscen-

64 2038 183 2111 derent,
200 2046 233 2099 ut
244 2038 433 2100 multitudine
444 2047 533 2118 atque
546 2056 637 2099 onere
650 2040 785 2101 nonnulli
797 2040 1047 2120 deprimerentur,
1064 2040 1134 2100 reli-

64 2124 117 2202 qui
132 2123 192 2185 hoc
206 2124 313 2185 timore
329 2126 451 2204 propius
467 2124 547 2184 adire
562 2125 759 2186 tardarentur.

151 2209 201 2269 44.
215 2209 329 2283 Quibus
341 2210 431 2272 rebus
443 2210 556 2281 accidit,
569 2218 603 2270 ut
613 2210 701 2289 pauci
713 2211 822 2272 milites
828 2219 986 2291 patresque
993 2210 1131 2282 familiae,

64 2294 117 2374 qui
127 2303 180 2356 aut
190 2295 282 2374 gratia
294 2304 345 2357 aut
356 2295 557 2357 misericordia
569 2296 701 2357 valerent
712 2304 763 2357 aut
774 2314 864 2358 naves
877 2298 986 2358 adnare
998 2305 1132 2375 possent,

63 2381 178 2460 recepti
189 2381 359 2442 inSiciliam
370 2381 535 2443 incolumes
543 2382 742 2459 pervenirent.
765 2381 906 2462 Reliquae
919 2381 1019 2460 copiae
1031 2381 1133 2442 missis

63 2466 101 2527 ad
117 2466 227 2527 Varum
243 2475 333 2528 noctu
349 2469 512 2546 legatorum
535 2483 661 2528 numero
684 2467 909 2529 centurionibus
925 2486 989 2528 sese
1006 2466 1032 2526 ei
1049 2467 1133 2527 dedi-

63 2552 183 2613 derunt.
222 2553 354 2625 Quarum
378 2553 548 2614 cohortium
569 2553 678 2614 milites
698 2563 819 2633 postero
840 2553 970 2613 dicante
987 2553 1130 2631 oppidum
1152 2562 1166 2611 l

61 2637 134 2699 Iuba
149 2638 338 2718 conspicatus
351 2657 435 2700 suam
448 2658 514 2700 esse
529 2639 702 2718 praedicans
715 2640 854 2717 praedam
867 2655 1004 2717 magnam
1017 2645 1131 2715 partem

62 2741 171 2785 eorum
186 2723 312 2785 interfici
327 2724 428 2797 iussit,
455 2742 563 2804 paucos
585 2724 695 2784 electos
711 2724 743 2783 in
758 2741 884 2803 regnum
905 2723 1035 2794 remisit,
1063 2741 1130 2783 cum

62 2877 84 2912 c.
105 2861 147 2927 l'l,
169 2861 193 2911 2.
212 2888 246 2898 —-
332 2864 389 2912 runs
406 2862 569 2927 interficitur.
626 2855 773 2925 ἀναλαβεῖν.

61 2926 158 2980 Lucan.
177 2929 202 2994 4,
225 2930 258 2980 79
280 2948 286 2979 ε
310 2928 368 2981 Nou
389 2930 446 2981 tulit
462 2930 572 2997 afflictis
660 2930 683 2978 4.
702 2931 859 2979 hoctimorc:
872 2945 893 2978 c.
907 2928 948 2991 20,
960 2928 984 2977 4.

61 3000 178 3048 animam
198 2997 335 3065 producere
352 3000 427 3049 rebus
442 3001 498 3048 Aut
514 3015 572 3066 spe·
660 2988 712 3048 ll.
734 3000 754 3047 l.
770 2990 858 3065 patrer
868 2997 1006 3062 famelius:
1024 3012 1046 3046 c.
1064 2995 1089 3059 4,
1106 2996 1130 3047 3.

60 3082 122 3117 rare
139 3067 254 3133 segma,
282 3066 415 3132 ceciditque
437 3069 464 3116 iu
484 3072 571 3132 strage
624 3069 770 3132 -gratim
789 3065 879 3130 Gunst,
898 3066 924 3115 in
940 3067 986 3116 der
1003 3066 1042 3115 sie
1061 3072 1132 3115 stun-

60 3150 171 3186 morum
185 3136 299 3203 Impiger
314 3135 349 3185 ud
365 3136 441 3186 letum
457 3140 480 3185 et
490 3137 571 3201 sor·
625 3137 681 3186 den.
697 3162 730 3171 —
747 3135 933 3185 rnisertcordm:
952 3134 1067 3197 hlitleid,
1085 3135 1130 3183 das

59 3207 108 3255 tis
130 3207 256 3255 virtuto
277 3209 390 3255 coacta.
421 3205 471 3255 Das
488 3204 572 3270 Haupt
625 3204 663 3254 sie
688 3211 821 3266 erregten;
845 3219 866 3252 s.
890 3219 912 3252 c.
939 3202 977 3265 12,
1002 3204 1024 3253 5.
1049 3232 1081 3238 —
1102 3206 1131 3251 ut

59 3274 107 3323 (les
126 3273 203 3324 Curio
225 3275 313 3325 wurde
334 3290 366 3323 zu
381 3274 454 3336 Jubc,
475 3273 571 3323 seinem
622 3274 702 3338 puerei
711 3300 743 3307 —
755 3275 782 3320 in
795 3270 908 3321 Siciliam
919 3274 967 3320 inc.
976 3285 1044 3337 perv.
1066 3269 1129 3352 App.

59 3341 241 3408 persiinlichcu
258 3341 353 3393 Feinde
371 3342 509 3405 (ethi),
526 3356 571 3404 ge·
625 3340 649 3403 2,
673 3340 705 3389 46
730 3338 786 3403 l'rigt
810 3341 873 3388 uccb
896 3339 985 3389 hinzu:
1008 3339 1061 3388 τῶν
1082 3354 1129 3387 αν-

58 3409 161 3472 bracht,
174 3410 236 3476 App.
250 3410 275 3473 2,
287 3412 328 3460 45.
624 3408 762 3473 αχθέντων
784 3407 811 3457 οἱ
838 3407 953 3478 ἔμποροι
981 3402 1042 3461 τοὺς
1063 3406 1129 3455 πολ-

96 3480 122 3528 5.
139 3476 338 3527 demmutratum
348 3481 401 3527 cat:
414 3493 435 3527 c.
449 3475 491 3539 39,
503 3475 527 3526 6.
623 3470 684 3531 loire
696 3464 822 3551 χρήματα
837 3476 967 3549 qdporrqc
984 3472 1058 3524 ἕνεκα
1076 3473 1130 3522 τῶν

75 3535 151 3595 lt.
173 3546 194 3596 1.
206 3544 296 3611 Ilqsus
307 3549 436 3610 quaestor.-
453 3562 473 3594 c.
491 3544 533 3609 23,
547 3546 569 3595 5.
621 3559 768 3612 xdll‘orwv
794 3543 820 3599 ἐς
842 3538 889 3607 τὴν
916 3543 1058 3593 θαλασσαν
1085 3540 1128 3610 ἐρ-

94 3612 122 3663 2.
140 3628 251 3678 quarum
261 3628 349 3664 rerum
366 3613 435 3663 nobil.
464 3614 489 3663 S.
502 3629 533 3661 zu
549 3615 570 3676 1,
624 3615 742 3679 ρίπτουν.
767 3637 801 3647 -
827 3610 965 3675 legatorum
987 3623 1091 3659 nummo
1111 3630 1129 3649 =

56 3684 84 3747 7,
98 3683 125 3732 5.
624 3681 681 3730 loto.
712 3678 739 3728 Β.
753 3676 783 3728 G.
801 3679 825 3741 5,
839 3680 879 3741 27,
893 3679 922 3741 23
942 3682 965 3740 d,
986 3680 1024 3739 13,
1038 3679 1065 3729 'it
1087 3676 1128 3739 23,

95 3750 120 3801 3.
139 3752 184 3815 qui
193 3752 221 3799 in
232 3749 313 3800 cluam
324 3754 410 3813 erant,
427 3750 497 3816 pros.
507 3764 569 3815 pro-
624 3748 651 3797 8:
670 3750 696 3796 tn
709 3747 865 3797 desertorum
878 3760 982 3796 enumero
994 3744 1128 3794 ducuntur.

52 3819 191 3889 per-abunt.
226 3818 289 3884 App.
315 3818 338 3881 2,
362 3818 406 3868 lt:
435 3806 570 3886 φλάμμας
658 3817 680 3864 2.
695 3817 806 3864 remisit:
826 3816 870 3865 Dic
883 3813 1038 3877 gesaugeuen
1052 3813 1128 3862 Cisa-

55 3886 74 3939 ὁ
95 3875 235 3958 ναύαρχος
255 3882 349 3937 αὐτίκα
367 3885 478 3954 iqerper
498 3880 568 3950 αὐτῷ
623 3884 710 3934 riuner
727 3898 812 3933 waren
831 3884 924 3933 vorher
941 3882 1011 3931 nicht
1023 3881 1057 3929 im
1070 3880 1128 3931 Rei-

54 3946 155 4022 στόλῳ,
176 3957 241 4024 πρίν
260 3971 319 4005 τινα
335 3953 388 4005 τῶν
402 3954 449 4005 ἐπὶ
464 3953 510 4017 τῆς
520 3954 570 4022 γῆς
623 3953 668 4001 che
682 3951 760 4001 lubus
772 3966 903 4015 gewesen3
921 3949 983 3999 aber
996 3949 1061 3998 luha
1073 3964 1128 3998 war

114 4040 196 4082 Crem
208 4038 240 4083 Π.
252 4043 272 4082 l.
285 4039 344 4080 Aufl.
935 4035 966 4086 ll
