2572 4424
185 255 226 317 62
581 248 743 300 nannum
756 245 853 301 crvnr
950 210 955 215 ¹

269 406 318 466 27.
348 405 445 483 Prope
469 403 589 466 dimidia
608 410 690 483 parte
708 402 806 482 operis
827 423 844 465 a
863 403 986 465 Caesare
1007 402 1117 467 effecta
1131 403 1240 467 diebus

185 511 243 574 que
258 492 290 553 in
305 510 339 552 ea
354 509 386 551 re
399 489 585 569 consumptis
603 507 663 549 vlrll
679 507 767 551 naves
788 509 805 551 a
820 488 990 551 consulibus
1005 488 1193 569 Dyrrhachio
1206 508 1243 551 re

183 578 305 649 missae,
323 594 397 656 quae
412 576 542 655 priorem
557 582 671 655 partem
687 574 832 636 exercitus
848 594 882 635 eo
897 575 1143 655 deportaverant,
1158 576 1243 639 lirun·

145 675 160 726 2
184 663 293 724 disium
308 668 506 723 revertuntur.
536 660 698 740 Pompeius
717 659 777 721 sive
792 660 930 740 operibus
946 659 1080 723 Caesaris
1102 668 1244 743 permutor

181 749 243 810 sive
263 747 353 809 etiam
374 748 454 827 quod
476 747 512 809 ab
535 746 620 807 initio
641 745 723 808 ltalia
747 747 887 808 excedere
908 745 1108 810 constituerat
1128 749 1245 811 adventu

145 846 160 896 3
183 834 304 896 navium
316 832 531 912 profectionem
542 850 645 911 parare
657 830 762 910 incipit
773 838 812 903 et,
826 849 884 911 quo
895 830 1009 894 facilius
1021 830 1175 913 impetum
1185 832 1246 895 (tae

181 919 255 981 saris
270 919 406 992 tardaret,
423 936 462 979 ne
476 919 532 979 sub
548 917 612 996 ipsa
623 916 806 996 profectione
822 916 931 979 milites
946 916 1097 997 oppidum
1108 919 1246 999 brumpe

181 1012 261 1077 rent,
277 1011 376 1083 portas
398 1003 541 1076 obstruit,
558 1002 638 1064 vicos
661 1003 829 1081 plateasque
844 1002 1028 1075 inaedificat,
1043 1002 1144 1068 fossas
1159 1014 1246 1069 tran-
1285 1069 1286 1074 ,

180 1109 278 1151 versas
300 1090 355 1151 viis
371 1089 521 1169 praeducit
543 1094 631 1167 atque
652 1086 693 1148 ibi
715 1087 803 1148 sudes
818 1087 994 1167 stipitesque
1009 1097 1191 1167 praeacutos
1204 1090 1247 1152 dc

143 1188 160 1238 4
180 1175 251 1254 figit.
282 1174 360 1236 Haec
374 1174 489 1238 levibus
504 1173 634 1235 cratibus
649 1179 786 1251 terraque
803 1172 958 1253 inaequat3
978 1173 1077 1236 aditus
1093 1184 1197 1239 autem
1211 1183 1248 1239 at·

181 1278 239 1341 que
251 1260 358 1322 itinera
376 1261 445 1333 duo,
462 1278 537 1340 quae
549 1266 630 1320 extra
641 1276 762 1319 murum
776 1258 813 1320 ad
825 1266 945 1337 portum
956 1257 1103 1335 ferebant,
1120 1260 1247 1325 manno

143 1361 158 1409 5
181 1345 283 1408 defixis
303 1344 437 1407 trabibus
458 1353 547 1424 atque
568 1343 609 1405 eis
625 1342 790 1422 praeacutis
806 1344 960 1425 praesepit.
999 1344 1054 1406 His
1074 1347 1189 1425 paratis
1207 1365 1249 1407 re·

179 1431 236 1492 bus
257 1430 368 1492 milites
388 1429 510 1491 silentio
532 1447 620 1491 naves
641 1428 838 1490 conscendere
858 1429 952 1503 iubet,
975 1431 1133 1510 expeditos
1157 1439 1249 1495 autem

181 1536 216 1578 ex
231 1516 371 1588 evocatis,
394 1514 551 1595 sagittariis
571 1512 835 1593 funditoribusque
849 1533 931 1577 raros
952 1514 985 1575 in
1000 1532 1087 1577 muro
1103 1517 1249 1580 turribus-

143 1617 159 1667 6
181 1620 238 1682 que
255 1600 395 1681 disponit.
427 1601 488 1662 llos
512 1606 592 1662 certo
614 1599 699 1678 signo
715 1617 850 1660 revocare
871 1599 1039 1673 constituit,
1056 1620 1130 1663 cum
1150 1620 1248 1665 omnes

179 1687 288 1747 milites
305 1706 394 1750 naves
411 1685 665 1758 conscendissent,
681 1691 769 1763 atque
781 1684 817 1745 iis
831 1685 967 1764 expedito
980 1686 1044 1747 loco
1057 1688 1191 1751 actuaria
1201 1706 1248 1750 na·

180 1772 255 1852 rigia
270 1771 423 1852 relinquit.
854 1835 859 1842 ,

266 1856 316 1918 28.
347 1853 775 1934 BrundisiniPompeianorum
787 1853 917 1915 militum
930 1854 1050 1933 iniuriis
1062 1857 1248 1939 atqueipsios

141 1958 157 2007 2
178 1941 303 2020 Pompei
329 1940 518 2003 contumeliis
548 1938 676 2019 permoti
698 1938 829 2000 Caesaris
856 1939 945 2001 rebus
961 1940 1108 2003 favebant.
1152 1940 1246 2023 ltaque

178 2025 296 2106 cognita
317 2026 440 2105 Pompei
465 2024 649 2104 profectione
671 2025 916 2087 concursantibus
937 2025 995 2087 illis
1017 2033 1108 2107 atque
1123 2028 1159 2090 in
1175 2048 1208 2091 ea
1220 2045 1247 2089 re

179 2111 328 2190 occupatis
339 2113 424 2190 vulgo
440 2129 477 2171 ex
491 2109 579 2172 tectis
595 2107 808 2188 significabant.
839 2111 897 2171 Per
912 2130 987 2191 quos
1003 2130 1036 2173 re
1047 2113 1170 2193 cognita
1180 2114 1246 2176 Cae·

179 2216 227 2259 sar
242 2198 334 2258 scalas
349 2196 445 2277 parari
467 2195 638 2274 militesque
653 2194 760 2256 armari
776 2195 872 2269 iubet,
889 2214 928 2257 ne
944 2214 1034 2276 quam
1048 2198 1093 2259 rei
1108 2198 1246 2279 gerendae

142 2300 156 2350 3
179 2282 347 2344 facultatem
368 2281 507 2343 dimittat.
547 2279 709 2358 Pompeius
736 2278 792 2340 sub
813 2288 932 2343 noctem
952 2299 1041 2345 naves
1060 2284 1161 2346 solvit.
1196 2281 1245 2358 Qui

177 2375 261 2429 erant
284 2367 316 2427 in
337 2385 422 2427 muro
448 2364 597 2427 custodiae
618 2383 705 2426 causa
720 2366 862 2439 collocati,
878 2386 913 2428 eo
929 2366 1031 2448 signo,
1048 2371 1130 2448 quod
1146 2389 1246 2433 conve·

176 2504 256 2555 meiat
267 2506 320 2569 hat,
333 2519 410 2568 sagon
422 2504 521 2566 wollte,
534 2504 592 2553 dass
606 2501 686 2552 ‘scine
775 2504 799 2553 4.
818 2506 950 2569 incoquet:
969 2506 1053 2557 macht
1065 2508 1147 2560 durch
1159 2508 1245 2561 [leber

176 2573 323 2636 bisberigen
339 2572 453 2624 Schritte
471 2588 519 2621 nur
536 2570 687 2621 friedlicher
741 2571 835 2623 decken
848 2573 934 2636 gleiclr
945 2574 993 2626 mit
1004 2574 1051 2626 dor
1066 2575 1181 2643 Strasse,
1195 2578 1245 2627 dm

175 2640 260 2693 Natur
272 2657 390 2705 gewesen
402 2639 490 2705 seien',
503 2639 613 2690 sondern
624 2639 687 2689 weil
740 2655 796 2690 man
815 2640 853 2690 sie
866 2641 937 2693 nicht
949 2642 1026 2693 seben
1044 2642 1157 2711 konnte3
1177 2646 1245 2697 dabar

177 2710 203 2760 in
217 2702 303 2761 dictor
311 2710 432 2761 Antwort
443 2708 565 2760 wirlrlich
577 2707 618 2758 dic
632 2714 688 2757 ent·
740 2724 762 2757 c.
775 2708 817 2772 28,
829 2710 845 2758 4
857 2709 950 2760 vallum
961 2727 1070 2763 caecum

176 2778 563 2841 scheidendellrkliirungliegt‚
574 2776 631 2826 dass
641 2776 687 2826 der
775 2776 798 2826 6.
817 2783 881 2828 corto
897 2781 923 2829 s'
958 2795 1015 2843 o,c.
1029 2780 1071 2846 28,
1090 2780 1244 2848 &seriana

177 2845 241 2898 lfrie
271 2849 342 2898 nicht
354 2849 425 2898 mehr
436 2863 469 2896 zu
481 2844 626 2896 vermeiden
639 2843 686 2894 sei.
740 2843 806 2908 quod
821 2861 894 2896 conoe
939 2853 972 2898 at.
991 2876 1025 2886 -
1043 2853 1188 2903 manduit:
1209 2850 1246 2900 be

210 2863 263 2970 Pl.
283 2917 306 2966 2.
319 2915 425 2966 adveatu
438 2932 460 2965 c.
474 2914 514 2978 18,
528 2917 550 2963 5.
740 2913 845 2977 stimmt,
858 2915 1000 2966 ordnetan.
1013 2919 1179 2986 —oceporlito
1189 2918 1245 2971 loeo:

212 2984 236 3034 3.
254 2986 300 3034 sub
320 2987 379 3050 ipso
397 2998 444 3049 pro
460 2984 566 3032 cottone:
593 2980 686 3043 gerade
740 2996 771 3030 an
784 2982 866 3032 einem
878 2982 950 3048 Orto,
963 3000 1072 3039 woman
1085 2986 1193 3055 beqnam
1203 2984 1245 3037 und

177 3051 228 3114 bei,
241 3052 362 3101 wdhreud
375 3050 421 3099 der
456 3048 548 3098 bfahrt.
576 3046 628 3098 Suo
639 3048 687 3098 mit
739 3050 1245 3113 ungehindcrtsicbeinsclriffcnlaonnte.

177 3119 234 3169 dem
252 3118 310 3168 Abi.
332 3118 481 3168 bezeichnet
505 3116 545 3165 die
563 3115 637 3180 Zoit,
660 3117 686 3166 in
739 3145 773 3154 —-
785 3122 900 3169 actitaret
912 3123 1017 3187 adragiae
1026 3122 1084 3174 sind
1096 3124 1195 3178 leicbto
1203 3123 1245 3175 llo·

176 3187 290 3237 welcber
307 3194 388 3236 etwas
406 3183 553 3248 gcscbiebt,
576 3185 622 3251 aab
639 3185 687 3235 mit
739 3185 874 3238 derscbilfe
887 3190 974 3250 (cerins
990 3194 1085 3255 agme).
1101 3220 1137 3230 -—
1148 3194 1245 3259 Pompe·

176 3256 233 3305 dem
241 3254 301 3304 Acc.
311 3270 361 3303 von
372 3254 417 3302 der
425 3251 486 3302 Zeit
494 3251 626 3303 bodeutct:
636 3269 686 3333 nna,
739 3252 779 3303 ius
792 3255 853 3319 ging
865 3256 890 3305 in
909 3258 956 3308 der
966 3257 1051 3311 Nacht
1068 3261 1114 3311 des
1129 3262 1171 3313 1⁵1,
1182 3258 1245 3313 Min

175 3338 311 3440 {aba
320 3319 685 3453 tildtttstltttlsf
738 3323 1246 3459 tlftlftttblltli·bibisti

176 3458 267 3508 Aecus.
280 3457 332 3508 wie
344 3456 368 3520 2,
384 3455 423 3521 13,
435 3458 465 3520 4;
480 3458 503 3519 3,
519 3457 575 3521 111,
590 3457 612 3506 1.
635 3456 686 3506 lla-
739 3466 807 3509 erste
819 3458 870 3509 Act
882 3460 925 3510 des
938 3459 1049 3526 lirieges
1061 3463 1194 3531 becndigt.

176 3542 257 3591 gegen
266 3525 349 3576 mitia
359 3526 383 3589 2,
396 3525 435 3588 12,
448 3526 475 3587 4;
489 3525 515 3574 Β.
526 3523 556 3575 G.
569 3524 593 3588 6,
604 3525 646 3589 37,
658 3525 667 3572 l
679 3542 685 3572 ε
773 3516 825 3577 28.
842 3526 865 3577 2.
875 3528 965 3595 vulgo:
975 3531 1163 3599 allentlralben,
1171 3534 1247 3597 allge-

174 3597 203 3643 ἐπ
215 3599 313 3655 οαεινα,
326 3594 350 3657 7,
363 3592 404 3656 50,
417 3595 445 3643 5:
463 3595 490 3643 ia
501 3591 686 3644 naediosbostea
738 3593 813 3643 moin.
831 3621 864 3632 -
882 3599 1078 3662 scgrmfieabant:
1095 3601 1179 3665 gabon
1193 3599 1247 3651 Zoi-

174 3664 222 3712 irr.
234 3689 268 3699 —
280 3661 436 3728 inaedificot:
447 3661 565 3724 verbant,
579 3660 686 3711 verbar-
737 3662 808 3711 chen.
818 3678 839 3711 c.
850 3661 891 3727 86,
904 3665 933 3728 2,
945 3667 971 3716 B.
983 3665 1013 3717 G.
1027 3667 1052 3732 7,
1063 3668 1105 3733 26,
1114 3669 1145 3719 4:
1157 3667 1246 3721 conda·

175 3729 294 3781 ricadirt.
315 3729 372 3781 Liv.
386 3731 427 3794 44,
437 3730 574 3795 ramme
586 3728 686 3779 clausae
737 3744 809 3780 acore
831 3735 854 3780 ot
875 3734 1025 3798 abneptem
1053 3734 1084 3786 do
1100 3738 1179 3804 firgo
1201 3750 1247 3788 aaa·

174 3797 246 3848 modo
255 3803 349 3866 portae,
367 3797 412 3848 aad
426 3801 504 3849 edem
515 3795 685 3865 inaedificatae
736 3802 835 3863 peram.

174 3870 255 3916 mant.
279 3866 311 3918 So
325 3867 389 3918 auch
403 3864 593 3935 ἔνοικοὸομεῖν.
622 3865 685 3915 llio-
773 3864 796 3916 3.
810 3864 1048 3982 Ξηοάοοηυθηεναιε
1067 3871 1113 3923 das
1129 3872 1248 3925 verabro·

176 3934 230 3984 dor.
254 3934 306 3986 Sic.
319 3935 343 4001 3,
356 3935 403 3999 373
419 3935 459 4001 11,
473 3935 515 3986 45.
739 3934 798 3984 dcto
833 3933 930 3988 eichen.
953 3937 978 3988 B.
990 3936 1020 3988 G.
1035 3936 1059 4003 1,
1071 3938 1115 4005 36,
1127 3942 1158 4005 ὅς
1173 3940 1247 4006 ²,1tl,
