2572 4424
531 268 673 324 rua-m.
1074 274 1136 337 105

63 436 243 512 queruntur.
279 427 333 491 llis
354 426 505 510 provocati
526 426 716 492 sermonibus
737 427 827 490 tidem
848 428 884 491 ab
905 428 1084 509 imperatore
1099 430 1136 494 de
1158 448 1173 498 3

62 517 175 581 Petreii
188 524 277 597 atque
289 516 402 579 Afranii
415 515 474 578 vita
485 522 601 596 petunt,
617 533 656 577 ne
669 516 748 597 quod
762 515 792 577 in
805 536 838 578 se
851 517 949 580 scelus
962 517 1134 597 concepisse

62 622 127 669 ncu
137 623 210 667 suos
222 602 390 682 prodidisse
405 602 568 665 videantur.
591 603 706 677 Quibus
726 603 907 666 confirmatis
923 603 1013 666 rebus
1026 623 1059 665 se
1072 612 1134 667 sta-

61 692 119 755 tim
135 692 221 770 signa
237 690 433 752 translaturos
447 690 634 763 confirmant,
650 691 822 770 legatosque
837 691 873 752 de
885 709 956 770 pace
967 691 1134 770 primorum

62 776 207 840 ordinum
222 776 415 839 centuriones
430 778 465 838 ad
479 777 634 838 Caesarem
649 777 784 839 mittunt.
812 777 936 839 Interim
952 776 1000 838 alii
1015 796 1086 840 suos
1101 778 1134 841 in
1157 791 1173 842 4

63 872 161 928 castra
176 863 319 926 invitandi
334 883 421 925 causa
432 864 593 935 adducunt,
609 863 658 925 alii
671 864 705 924 ab
722 864 784 925 suis
800 863 997 938 abducuntur,
1013 864 1087 926 adeo
1100 872 1133 928 ut

62 970 126 1015 una
140 957 237 1013 castra
256 950 315 1011 iam
335 950 410 1012 facta
427 970 463 1011 en
477 950 556 1011 binis
572 949 761 1022 viderentur3
777 951 1004 1030 compluresque
1020 951 1134 1014 tribuni

62 1037 197 1101 militum
212 1044 242 1099 et
258 1037 447 1100 centuriones
463 1037 499 1098 ad
515 1037 671 1098 Caesarem
687 1036 812 1099 veniunt
827 1057 920 1117 seque
935 1037 962 1099 ei
977 1037 1133 1099 commcn-

63 1124 147 1187 dant.
176 1123 258 1184 Idem
273 1124 332 1184 hoc
342 1123 403 1184 fita
418 1122 602 1202 principibus
614 1123 782 1202 Hispaniae,
798 1143 876 1203 quos
893 1132 1086 1186 evocaverant
1101 1132 1131 1187 et
1153 1134 1168 1184 5

63 1228 171 1273 secum
182 1210 214 1271 in
225 1210 327 1272 castris
338 1209 486 1271 habehant
497 1209 635 1271 obsidum
647 1210 720 1271 loco.
748 1209 786 1270 lli
799 1229 870 1272 suos
882 1211 1134 1289 notoshospites·

62 1316 123 1377 que
130 1297 321 1377 quaerebant,
336 1314 389 1375 per
400 1315 489 1376 quem
498 1296 624 1376 quisque
632 1297 856 1359 corrrmaditum
863 1298 1131 1361 commendationis

61 1383 188 1446 haberet
202 1383 238 1445 ad
253 1383 416 1445 Gaesarem.
447 1382 558 1444 Afranii
579 1383 666 1445 ctiam
682 1384 760 1446 filius
776 1384 951 1446 adulescens
972 1384 1009 1445 dc
1031 1403 1084 1446 sua
1099 1404 1132 1448 ac
1155 1393 1170 1442 6

60 1470 198 1551 parentis
219 1469 266 1531 sui
286 1469 381 1531 salute
402 1488 471 1532 cum
487 1469 610 1530 Caesare
625 1488 680 1549 per
695 1470 857 1549 Sulpicium
874 1471 1004 1551 legatum
1019 1472 1131 1550 agebat.

59 1554 158 1619 Erant
174 1557 260 1636 plena
275 1555 387 1618 laetitia
403 1562 433 1617 et
445 1555 640 1636 gratulatione
653 1556 753 1618 omnia
765 1576 879 1630 eorum,
896 1556 948 1636 qui
960 1564 1041 1618 tanta
1052 1558 1133 1637 peri·
1154 1570 1169 1619 7

15 1663 18 1667 ’
61 1644 130 1707 cula
144 1643 261 1718 vitasse,
283 1650 312 1705 et
327 1661 441 1717 eorum,
458 1642 508 1723 qui
522 1641 586 1703 sine
600 1643 721 1705 vulnere
733 1650 829 1706 tantas
844 1662 893 1706 res
909 1643 1072 1705 coniecisse
1087 1644 1132 1706 vi·

62 1873 149 1925 cinam
168 1870 305 1936 negativum
324 1870 385 1922 Satz
402 1871 469 1921 wird
491 1872 575 1934 hiiulig
628 1872 655 1922 B.
675 1870 704 1923 G.
724 1870 748 1935 c,
767 1870 791 1935 ii,
809 1872 833 1922 4.
855 1899 888 1909 -
909 1873 1053 1934 prinwrmm
1069 1871 1137 1923 ordi-

62 1942 111 1993 der
123 1946 363 2010 cntgcgcngesctzto
373 1938 485 2005 positive
496 1940 574 1991 durch
628 1957 688 1991 num
706 1942 860 1991 centuriones
870 1939 928 1991 sind
948 1939 989 1991 dic
1003 1937 1139 1992 Centurio-

61 2015 94 2073 οἱ,
114 2025 146 2061 ac
164 2009 214 2059 und
233 2024 280 2073 proc
294 2008 455 2072 verbunden,
474 2024 502 2059 so
515 2010 574 2060 dass
628 2025 676 2061 ncu
689 2011 736 2061 dcr
748 2017 835 2061 ersten
848 2008 967 2060 Cohortc.

61 2079 115 2131 wir
124 2077 270 2130 danndicse
277 2076 411 2129 Partilrcln
418 2077 496 2128 durch
507 2093 574 2128 son·
663 2079 687 2129 4.
705 2077 831 2128 incitandi
840 2094 932 2129 causa:
946 2095 986 2129 um
996 2078 1035 2130 sic
1048 2095 1080 2129 zu
1093 2077 1137 2130 be-

62 2150 143 2200 dcrn
160 2146 313 2198 iibersctzcn
329 2145 442 2207 hiinnen3
462 2162 483 2196 z.
501 2147 527 2196 B.
546 2147 572 2196 B.
628 2148 752 2199 wirthcn:
769 2162 797 2197 so
814 2147 976 2212 hosottclitcr,
995 2146 1082 2212 aputu,
1095 2162 1139 2212 po·

63 2215 95 2268 G.
115 2218 141 2281 4,
160 2217 202 2279 3³,
220 2215 250 2266 2:
267 2218 388 2277 impetum
405 2215 487 2265 hortm
498 2216 575 2280 seme
629 2216 693 2266 culis
710 2215 802 2279 (Plaut.
820 2215 883 2268 Ruo.
899 2216 922 2280 2,
936 2217 960 2280 3,
973 2217 998 2275 41
1016 2219 1066 2265 imo.
1082 2216 1137 2277 (em-

62 2302 114 2337 nam
131 2288 279 2351 pomerum,
301 2300 331 2335 ac
348 2288 421 2347 larga
437 2288 574 2335 vcrtcrrmt.
630 2288 721 2349 cipere,
745 2287 879 2349 accipet-cl,
901 2286 951 2335 und
972 2302 999 2335 sc
1019 2287 1137 2335 mauors:

61 2382 97 2393 -
109 2356 287 2415 commouent,
300 2353 414 2417 secmict
429 2369 453 2402 n.
468 2352 576 2404 commulc-
632 2353 696 2418 (sich
704 2355 866 2417 bewirthenl,
876 2354 1033 2418 schmauscn‚
1043 2354 1137 2405 zechen

61 2425 123 2474 rint
130 2420 576 2487 Vcrschicdcnhcitdcrahhiingigcn
631 2422 814 2487 (suacitetur.
829 2423 879 2481 77).

62 2492 200 2557 Tempora,
223 2490 265 2541 dic
287 2490 329 2541 hai
348 2488 428 2542 Ciisar
450 2492 501 2541 und
527 2491 576 2542 dan
666 2493 689 2542 5.
707 2497 880 2543 evocaverunt:
896 2492 1026 2556 cnthotcn,
1039 2506 1070 2541 zu
1082 2491 1138 2542 sich

63 2558 232 2612 ilistorilrcrn
261 2559 403 2625 iihcrhaupt
433 2574 462 2609 su
491 2559 575 2623 hiiulig
630 2559 782 2611 heschicdcn
798 2562 895 2612 hatten.
926 2561 952 2611 B.
973 2559 1002 2610 G.
1022 2561 1045 2623 5,
1059 2561 1100 2623 54,
1116 2559 1138 2609 1.

63 2630 116 2692 ist,
137 2628 168 2693 jc
185 2628 307 2679 nachdcm
325 2628 371 2678 dor
390 2626 514 2679 Erziihler
532 2628 574 2679 dic
629 2657 662 2666 —
686 2645 747 2679 srtcc
768 2634 855 2691 notos,
880 2644 937 2679 man
961 2628 1066 2679 hcachtc
1090 2629 1138 2678 den

63 2697 207 2751 Riiclrslcht
221 2694 267 2748 aul
286 2695 328 2747 dic
346 2694 422 2746 Form
445 2697 507 2747 oder
532 2695 574 2746 dic
630 2698 865 2749 substantivischcn
879 2696 1013 2748 Gchranch
1030 2712 1079 2746 von
1092 2711 1137 2745 no-

62 2766 214 2829 llcdoutung
226 2765 265 2817 als
283 2765 453 2815 historisches
466 2763 574 2830 Tempus
628 2771 677 2816 tus.
699 2792 731 2802 -
748 2782 793 2832 per
811 2782 882 2827 quem
905 2768 1007 2830 quicqum
1024 2765 1138 2815 dudm-m:

62 2835 210 2886 vcrwaltcn
222 2834 296 2885 liisst.
326 2832 405 2884 ‘Nach
418 2838 500 2895 agunt
510 2849 574 2898 gra-
629 2835 708 2885 durch
721 2836 768 2886 den
777 2834 853 2898 J'edcr
870 2856 886 2876 =
900 2834 976 2897 jeder
988 2833 1046 2898 den,
1059 2834 1137 2884 durch

62 2904 164 2955 &haist
172 2902 316 2955 construirt
323 2901 371 2952 mit
381 2901 521 2953 liiicksicht
533 2901 579 2953 aul
630 2904 677 2954 den
696 2919 725 2954 er
740 2904 821 2954 haben
839 2902 934 2953 kiinntc
958 2925 975 2944 =
998 2918 1039 2951 um
1058 2903 1138 2954 durch

63 2972 147 3025 disin
160 2970 515 3035 dcr'l'hatvcrgangcncund
528 2987 575 3022 nur
629 2973 672 3022 ihu
690 2988 721 3022 zu
740 2973 829 3024 hohen.
847 3000 880 3008 —
896 2970 994 3022 aditum
1012 2986 1137 3022 commcn-

63 3038 204 3092 scheinbar
226 3040 305 3091 durch
326 3039 371 3090 dus
389 3038 460 3090 Prds.
483 3055 574 3103 vorge·
628 3039 751 3091 dationis:
773 3041 874 3092 Zutritt
896 3041 999 3091 durch
1020 3038 1138 3106 Emplch-

62 3108 238 3175 ganwhrtigtc
262 3108 338 3171 Zait,
361 3107 488 3173 hingegen
512 3111 575 3159 nach
629 3110 698 3174 lung‚
711 3110 762 3161 wic
775 3110 839 3160 ohan
852 3126 873 3160 c.
885 3108 926 3173 58,
936 3109 963 3158 2:
977 3125 1040 3160 usus
1052 3108 1137 3160 celcri-

226 3177 263 3228 ist
291 3175 378 3228 lcrner
402 3193 458 3226 vom
483 3176 575 3228 Stand-
629 3182 696 3229 tutis.
728 3178 773 3230 Bai
792 3179 837 3230 der
856 3178 966 3229 anderen
979 3177 1138 3241 llrlrliiruug:

61 3246 161 3314 punite
178 3247 225 3297 dor
237 3244 394 3310 Gegcnwart
410 3261 457 3297 uus
469 3261 575 3311 gespro-
629 3247 744 3312 ‘Zugang
767 3264 813 3298 zur
829 3244 1003 3313 Emplchlung'
1030 3247 1089 3309 (wic
1111 3246 1137 3298 Β.

64 3314 146 3368 chen'.
170 3315 244 3366 lleld.
631 3314 661 3365 G.
672 3319 695 3380 5,
705 3316 747 3377 41,
760 3318 786 3366 1:
799 3314 1028 3373 cannamomum)
1042 3315 1137 3366 miisste

100 3384 125 3435 3.
168 3384 209 3435 lu‘s
244 3384 372 3450 provocati
405 3384 574 3433 sermonibus:
628 3382 663 3434 od
679 3407 696 3426 =
713 3385 783 3450 apud
797 3385 866 3447 scin,
884 3383 1136 3435 odeersarwiirdc

62 3454 145 3505 durch
162 3452 235 3503 diesc
253 3451 462 3517 Bcsprechuugen
482 3468 575 3502 vernn·
629 3468 657 3503 so
676 3453 844 3518 gaschrichen
856 3454 947 3516 haben,
960 3453 1011 3503 wic
1023 3451 1080 3502 Liv.
1093 3452 1136 3515 41,

62 3522 146 3587 lueet,
171 3520 320 3584 ermuthigt.
355 3519 403 3571 Die
422 3518 574 3572 Autworten
629 3521 671 3585 23,
687 3523 714 3571 4:
736 3525 781 3587 qui
793 3525 907 3588 privatas
921 3524 1024 3586 gamus
1039 3519 1137 3570 acuum

62 3592 113 3643 der
141 3588 297 3641 Ciisurianer
330 3588 471 3640 branchtcn
505 3589 575 3640 nicht
629 3590 699 3656 apud
707 3606 794 3655 regern
806 3592 945 3655 quaerebat.

62 3658 247 3711 ausdriicklich
265 3655 403 3721 angcliihrt
419 3673 450 3707 zu
462 3657 575 3722 werden,
639 3702 648 3714 ,,
664 3659 686 3709 6.
696 3658 887 3724 Sulpimumlcg.
896 3658 1001 3710 Publius
1008 3656 1136 3721 Sulpicius

62 3730 96 3780 du
118 3726 157 3779 sic
175 3727 231 3778 dom
247 3741 345 3791 ganzcn
357 3725 576 3790 Znsammenhang
629 3726 721 3792 Rufus,
736 3727 817 3793 Legat
830 3728 864 3778 im
876 3727 1018 3793 gallischen
1031 3722 1136 3788 liricgc,

61 3798 116 3848 nnd
145 3796 192 3847 dor
215 3795 295 3846 Socha
325 3794 408 3845 selhst
437 3795 500 3845 noch
528 3811 575 3845 nur
628 3795 655 3845 B.
679 3795 709 3846 G.
731 3797 754 3859 4,
773 3796 814 3860 22,
832 3796 861 3859 63
879 3797 903 3859 7,
926 3795 966 3857 90,
989 3795 1012 3844 7.
1052 3792 1078 3843 Β.
1109 3793 1136 3842 C.

61 3863 366 3933 gdnstigseinlmnnten.
376 3891 406 3899 -
415 3861 512 3927 fidem.-
524 3863 575 3913 Zn-
629 3864 653 3927 3,
670 3864 726 3927 101,
742 3866 763 3914 1.

61 3931 356 3998 sicherunffillarantic.
371 3931 576 3996 -confirmutis
662 3933 686 3982 7.
707 3932 784 3999 placo
801 3933 902 3984 metium
944 3930 1000 3981 Nur
1019 3928 1077 3981 hier
1095 3928 1137 3979 hai

61 4004 155 4055 radus:
177 4002 316 4066 scordam,
346 3999 512 4065 lestgcstallt.
548 4000 573 4051 S.
629 3999 708 4052 Cisar
722 4001 813 4069 piccus
829 4001 943 4052 mitdcm
955 3997 1050 4064 Ablat,
1064 4003 1137 4048 sonst
