2572 4424
174 284 236 347 tto
568 278 730 334 nrcnmo
743 277 841 333 evm
881 240 884 245 ’

136 452 151 502 3
173 441 248 502 intra
261 436 564 518 munitionesrecipit.
591 435 662 498 Erat
674 455 791 499 summa
803 435 902 517 inopia
913 434 1104 517 pabuli‚adeo
1115 445 1152 499 ut
1162 437 1240 502 loliis

171 546 206 588 ex
221 524 376 587 arboribus
399 523 508 586 strictis
530 532 560 585 et
578 523 689 585 teneris
709 522 913 585 harundinum
932 521 1082 585 radicibus
1101 524 1239 587 contusis
1258 585 1260 589 ,

171 631 264 694 equos
285 611 397 673 alerent
418 609 580 686 (frumenta
601 608 792 695 enimkquae
812 609 931 670 inerant
953 608 1031 670 intra
1052 609 1239 673 munitiones

134 713 150 762 4
172 705 242 770 sata,
256 698 529 776 consumpserant)3
545 694 726 775 cogebantur
737 695 860 775 Corcyra
872 701 961 776 atque
973 695 1139 756 Acarnania
1150 696 1238 778 longo

170 784 325 845 interiecto
341 782 533 862 navigationis
548 781 642 862 spatio
657 781 799 862 pabulum
814 787 1001 861 supportare,
1017 781 1161 862 quodque
1176 791 1238 846 erat

172 870 235 931 eius
249 870 292 931 rei
307 869 405 930 minor
420 868 512 948 copia,
529 867 640 929 hordeo
653 869 796 948 adaugere
811 875 899 946 atque
913 865 961 928 his
972 866 1140 931 rationibus
1154 869 1239 950 eqni·

135 970 150 1019 5
170 963 265 1018 tatum
280 955 415 1017 tolerare.
446 955 505 1016 Sed
520 960 680 1034 postquam
696 971 757 1014 non
772 953 861 1033 modo
874 952 1021 1015 hordeum
1035 953 1238 1036 pabulumque

170 1041 308 1104 omnibns
323 1041 394 1103 locis
408 1040 577 1120 herbaeque
591 1039 737 1114 desectae,
758 1040 811 1100 sed
827 1038 915 1100 etiam
930 1038 1015 1101 irone
1031 1058 1068 1100 ex
1081 1038 1236 1104 arboribus

170 1126 332 1202 deficiebat,
343 1126 490 1206 corruptis
503 1125 587 1206 equis
600 1126 691 1186 macie
703 1125 873 1186 conandum
885 1124 941 1186 sibi
954 1123 1063 1204 aliquid
1076 1126 1236 1208 Pompeius

170 1214 207 1275 de
222 1213 380 1294 eruptione
397 1211 583 1274 existimavit.

255 1299 305 1360 59.
326 1298 420 1359 Erant
439 1298 516 1378 apud
532 1297 687 1359 Caesarem
704 1316 739 1358 ex
757 1295 895 1376 equitum
915 1312 1043 1357 numero
1064 1295 1235 1376 Allobroges

170 1385 229 1446 duo
243 1385 359 1458 iratres,
376 1384 524 1445 Roucillus
536 1391 566 1446 et
582 1382 671 1462 Egns,
687 1382 831 1444 Adbucilli
845 1381 906 1456 filii,
923 1381 975 1462 qui
989 1380 1191 1462 principatum
1205 1383 1235 1445 in

170 1471 285 1532 civitate
292 1469 488 1532 multisannis
495 1469 674 1543 obtinuerat,
686 1467 941 1549 singularivirtute
949 1467 1098 1542 homines,
1106 1486 1234 1548 quorum

170 1575 258 1637 opera
279 1557 384 1618 Caesar
405 1555 544 1617 omnibus
565 1554 680 1617 Gallicis
696 1554 779 1616 bellis
799 1553 912 1634 optima
933 1552 1160 1634 fortissimeque
1174 1561 1236 1617 erat

132 1657 147 1706 2
169 1661 251 1704 usus.
282 1643 334 1704 llis
350 1642 431 1704 domi
447 1642 484 1703 ob
500 1643 553 1703 has
568 1659 671 1703 causas
687 1639 882 1720 ampbssimos
902 1639 1092 1718 magistratus
1112 1641 1236 1703 manda-

169 1736 250 1790 verat
272 1736 359 1808 atque
380 1747 431 1790 eos
454 1735 534 1789 extra
556 1727 690 1788 ordinem
712 1725 744 1786 in
762 1733 900 1787 senatum
921 1726 1063 1806 legendos
1084 1734 1237 1790 curaverat

168 1832 312 1896 agrosque
328 1814 359 1876 in
374 1813 464 1876 Gallie
480 1833 516 1874 ex
529 1812 667 1875 hostibus
683 1819 783 1893 captos
794 1811 985 1893 praemiaque
995 1811 1040 1874 rei
1048 1812 1236 1893 pecuniariae

133 1914 148 1963 3
169 1917 275 1979 magna
289 1899 434 1962 tribuerat
450 1899 672 1980 locupletesque
687 1917 723 1960 ex
738 1897 892 1978 egentibus
906 1897 1025 1961 lecerat
1056 1897 1095 1960 lli
1115 1905 1236 1979 propter

170 1984 312 2047 virtutem
328 2002 390 2046 non
406 1987 504 2047 solum
519 1987 597 2065 apud
613 1984 769 2046 Gaesarem
784 1983 946 2046 inhonore
963 1989 1056 2057 erant,
1077 1983 1131 2047 sed
1147 1984 1237 2047 etiem

169 2072 245 2150 apud
268 2071 428 2132 exercitum
452 2070 510 2132 cari
531 2070 733 2143 habebantur3
753 2069 807 2130 sed
823 2069 892 2130 heti
908 2069 1036 2132 auricitia
1056 2069 1192 2133 Caesaris
1205 2077 1247 2132 et-

170 2155 258 2218 stulta
269 2155 435 2218 acbarbara
446 2156 611 2235 arrogantia
623 2154 690 2217 elati
702 2154 903 2234 despiciebant
914 2173 983 2216 suos
994 2155 1238 2237 stipendiumque

68 2264 76 2273 ·
133 2250 149 2299 4
170 2241 305 2321 equitum
317 2241 493 2302 fraudabant
505 2248 535 2301 et
546 2240 683 2321 praedam
692 2257 813 2302 omnem
825 2241 946 2302 domum
959 2239 1139 2303 avertebant.
1164 2241 1236 2316 Qui-

169 2412 233 2460 sung
245 2395 315 2446 nieht
326 2395 416 2459 gehen.
725 2395 796 2446 nieht
819 2393 935 2458 gemeine
958 2392 1063 2459 liciter,
1091 2396 1144 2446 und
1172 2397 1234 2448 doch

203 2477 226 2527 3.
248 2493 311 2542 quae
322 2478 544 2542 suerent-tatu:
562 2475 675 2539 etet.
724 2463 806 2515 heim
823 2478 850 2513 ⁰⁸
867 2464 1234 2546 (ῘθΓῑΗᾘΨξῘΜΜθΝ

202 2564 227 2612 A.
243 2563 332 2615 bermo
347 2561 478 2630 udmtgere
490 2563 675 2614 :admiscendo
724 2535 1066 2652 gssvffmfflffium}
1074 2533 1235 2667 2:⁶32&

494 2720 500 2733 ,
760 2669 784 2719 2.
796 2671 824 2719 in
835 2671 968 2720 ronedum:
980 2668 1004 2719 d.
1016 2669 1035 2720 i.
1045 2668 1093 2722 der
1100 2669 1182 2722 Sonat
1190 2671 1235 2722 dar

203 2720 227 2768 5·
245 2723 377 2786 P⁰⁸l¹l¹¹⁰m
392 2719 562 2784 'dssfifflbai
592 2717 676 2770 Um?
725 2736 888 2801 Allobroger.
916 2736 950 2788 So
966 2736 1076 2790 wird-B.
1095 2735 1127 2790 G.
1145 2739 1232 2804 2,t‚t

169 2789 213 2838 des
237 2785 378 2870 irretiret·
402 2804 422 2839 ³·
447 2804 478 2837 2¹¹
497 2804 518 2838 0·
538 2787 579 2848 60,
599 2787 622 2837 ⁵·
641 2814 675 2822 -
727 2804 1148 2871 circunspectiones,
1166 2807 1234 2872 see

168 2855 351 2922 ἆθθνῑφῖῑθῃθῑ
364 2873 385 2907 ⁰·
399 2858 441 2919 57,
455 2855 478 2906 2·
665 2904 670 2914 .
726 2875 767 2926 ein
797 2874 876 2925 Sonat
898 2874 946 2925 der
968 2873 1083 2927 Nervico·
1110 2876 1234 2927 erwiihat

203 2931 256 2991 59.
276 2943 298 2992 1.
320 2958 354 2993 ecc
369 2944 482 3008 aquatum
505 2956 610 2992 atemere
630 2940 677 2991 mit
725 2970 758 2980 —
767 2944 937 3010 praemoneri
946 2945 1128 3010 pememriae:
1144 2944 1234 2997 belch-

169 3011 225 3058 dem
255 3011 310 3059 eod.
334 3010 427 3072 licum,
450 3010 602 3061 Ursinianus
625 3009 677 3059 und
726 3025 825 3075 nnngen
844 3025 875 3062 an
895 3008 961 3062 Geld
980 3016 1014 3072 (u.
1036 3009 1233 3075 Geldmwcrrht

170 3076 365 3136 llieeardianus3
394 3078 435 3128 die
465 3077 571 3141 iibrigen
604 3077 676 3127 codd.
726 3079 776 3130 wie
794 3096 814 3129 e.
829 3079 871 3141 53,
888 3079 903 3127 b
921 3079 988 3130 dona
1000 3083 1160 3147 mulmis.
1182 3081 1233 3133 cie.

170 3144 255 3194 lusson
270 3160 305 3194 erc
320 3161 384 3209 weg.
403 3141 505 3195 liraner
525 3145 583 3195 will
604 3147 675 3197 lesen
727 3163 764 3213 ep.
778 3147 809 3197 ad
821 3147 892 3198 Brut.
908 3150 931 3211 1,
945 3147 985 3211 ta,
1001 3150 1031 3196 b:
1046 3151 1133 3218 inepta
1147 3152 1234 3218 reips-

169 3228 225 3262 eum
249 3215 359 3277 equitem
385 3227 503 3275 nenrero;
530 3213 593 3263 deun
617 3215 676 3264 dass
726 3218 863 3267 melariae.
898 3215 1100 3282 Umsehrcibung
1122 3217 1235 3270 wieres

114 3302 116 3311 .
169 3280 212 3331 die
235 3280 326 3331 beiden
350 3280 503 3346 Allobroges·
527 3281 598 3331 nicht
619 3282 676 3332 blos
719 3286 900 3351 Jrumeretart'a
920 3286 1013 3353 (copem
1034 3287 1235 3352 reismento·

169 3349 217 3399 ‘als
230 3347 327 3400 Reitcr'
343 3349 384 3400 bei
397 3347 476 3400 Giisar
492 3349 605 3414 dientem,
618 3367 676 3401 son·
725 3356 782 3404 rebe
797 3353 824 3404 B.
841 3349 871 3402 G.
886 3354 910 3415 2,
929 3353 968 3416 re,
980 3353 1015 3418 4),
1030 3367 1075 3404 ree
1088 3357 1234 3406 numm

169 3419 232 3469 dern
259 3417 299 3468 als
325 3415 454 3469 Anliihrer
481 3418 553 3470 einer
578 3418 676 3469 Anzahl
726 3421 1233 3488 (desperauerunemmaruecievm.
1272 3478 1278 3487 ,

169 3485 332 3551 Landslcute‚
345 3485 386 3536 die
398 3486 437 3537 sie
447 3487 502 3538 dem
512 3485 591 3538 Giisar
600 3502 676 3551 zuge—
725 3493 750 3555 2,
763 3490 788 3552 t,
801 3490 826 3551 o)
840 3505 864 3539 u.
879 3489 902 3540 t.
934 3489 1017 3542 Ueber
1032 3491 1081 3542 den
1095 3488 1202 3543 Genitiv
1212 3507 1232 3542 s.

169 3553 238 3606 liihrt
261 3555 362 3618 hatten,
387 3555 448 3606 sdhe
471 3571 527 3607 man
550 3571 595 3606 uns
614 3557 629 3621 ξ
648 3556 675 3605 3:
725 3573 756 3607 zu
771 3560 794 3621 1,
806 3558 848 3621 42,
861 3558 886 3622 3,
898 3557 949 3608 und
960 3558 1043 3621 vergl.
1061 3566 1140 3610 unten
1159 3577 1182 3612 c.
1193 3561 1233 3624 83,

168 3624 333 3691 despiciebant
372 3639 433 3674 euos
476 3624 677 3692 stipendiumque
727 3625 1070 3694 badepraemr’ispeeum‘ac.

169 3695 280 3757 equitum
289 3693 455 3759 fraredabont
470 3694 520 3742 und
537 3692 554 3758 ξ
571 3694 600 3742 A:
616 3692 675 3759 sal·
760 3694 784 3744 3.
808 3693 961 3763 sdpaedium
986 3698 1103 3762 equitum
1118 3695 1232 3763 smde-

170 3777 227 3810 ettm
243 3763 275 3810 ab
295 3762 336 3812 bis
351 3764 461 3827 equitum
478 3777 615 3812 nanterum
631 3761 673 3811 de·
726 3763 799 3812 bant:
822 3764 1029 3830 unterschlugen‚
1052 3765 1104 3816 wie
1121 3764 1139 3832 ἦ
1156 3767 1173 3817 t
1190 3767 1232 3816 ati-

167 2648 269 2697 augere.
283 2662 315 2668 —
328 2631 450 2684 tolerare:
463 2648 484 2683 c.
498 2631 539 2696 49,
552 2631 576 2682 3.

163 3831 245 3894 ferri,
256 3833 430 3948 quorumstqr.
441 3833 589 3880 ememor.
607 3828 677 3880 Aber
722 3830 842 3898 pendium
851 3837 974 3899 avertem
987 3850 1016 3884 so
1031 3849 1052 3885 c.
1069 3833 1112 3900 60,
1126 3834 1230 3902 bstart·

170 3899 233 3946 euch
251 3897 292 3949 die
309 3899 335 3949 B.
353 3896 384 3950 G.
420 3898 509 3962 ‚39‚1
529 3898 676 3950 erwiihnten
727 3899 789 3950 ᾰαία
815 3903 959 3953 restrium.
1005 3901 1084 3956 Sonst
1098 3901 1231 3970 ,fraudare

170 3964 329 4032 Eporedorix
343 3968 392 4018 und
402 3967 578 4019 Viridomarus
590 3983 676 4019 urerer
725 3971 820 4034 eqes'ter
831 3969 959 4038 cumdio.
