2572 4424
172 265 235 333 160
566 262 841 320 nnnnrnocnun

32 464 43 483 .
131 436 148 489 o
169 424 244 485 Cum
261 422 401 485 cohortes
415 443 452 484 ex
466 423 528 485 acie
543 423 815 503 procucurrissent,
838 422 984 485 Numidae
1004 418 1115 503 integri
1135 416 1234 485 celeri·

166 518 226 573 tate
241 509 386 589 impetum
403 518 575 571 nostrorum
593 509 782 589 effugiebant,
797 527 963 591 rursusque
978 510 1015 571 ad
1027 510 1153 571 ordines
1168 526 1232 571 euos

167 616 200 658 se
216 597 392 676 recipientes
409 596 572 658 circuibant
593 604 624 656 et
639 597 675 656 ab
690 595 752 657 acic
773 596 978 658 excludebant
1016 594 1066 657 Sic
1089 594 1232 675 nequein

166 684 231 744 loco
244 699 365 742 manere
377 683 556 763 ordinesque
564 701 682 743 servare
690 700 790 761 neque
796 699 972 761 procurrere
984 690 1015 743 et
1026 700 1130 743 casum
1138 680 1232 743 subin

130 782 144 832 t
166 776 265 830 tutum
278 767 437 829 videbatur.
464 769 603 829 Hostium
616 768 716 847 copiae
731 768 900 829 summissis
912 768 948 829 ab
960 786 1030 847 rege
1041 767 1162 829 auxiliis
1174 785 1233 829 cre-

166 854 220 916 bro
236 854 437 933 augebantur3
458 865 578 915 nostros
601 854 679 914 vires
695 853 870 915 lassitudine
892 854 1080 927 deficiebant,
1101 854 1195 915 simul
1207 852 1232 927 ii,

168 941 218 1022 qui
232 948 354 1001 vulnera
368 949 554 1020 acceperant,
571 958 669 1020 neque
681 940 742 1000 acie
759 940 901 1000 excedere
917 958 1017 1021 neque
1028 940 1061 1000 in
1072 940 1176 1001 locum
1190 947 1234 1000 tu·

167 1036 232 1088 tum
247 1027 351 1087 referri
368 1035 516 1106 poterant,
534 1026 615 1106 quod
631 1034 692 1086 tota
707 1026 784 1087 acies
800 1025 931 1106 equitatu
953 1026 1087 1088 hostium
1108 1025 1234 1087 circum·

131 1127 147 1178 8
169 1114 236 1174 data
251 1113 416 1173 tenebatur.
444 1113 480 1173 lli
497 1114 599 1173 desua
622 1113 716 1173 salute
734 1112 937 1191 desperantes,
960 1120 994 1173 ut
1009 1120 1147 1173 extremo
1163 1112 1234 1173 vitae

167 1207 302 1278 tempore
319 1198 456 1259 homines
472 1199 569 1260 facere
585 1209 779 1271 consuerunt,
800 1205 851 1258 aut
865 1216 950 1260 suam
966 1206 1097 1259 mortem
1112 1197 1236 1259 misera-

167 1284 277 1345 bantur
292 1292 343 1346 aut
356 1294 496 1365 parentes
509 1303 581 1345 suos
593 1284 851 1358 commendabant,
868 1284 893 1344 si
908 1303 984 1364 quos
1000 1303 1037 1345 ex
1052 1303 1090 1345 eo
1105 1282 1235 1363 periculo

165 1371 285 1433 fortuna
302 1389 420 1432 servare
435 1371 592 1451 potuisset.
625 1370 715 1431 Plena
732 1377 817 1431 erant
831 1370 931 1431 omnia
947 1369 1065 1431 timoris
1081 1376 1113 1430 et
1126 1370 1235 1431 luctus.

253 1457 303 1516 42.
331 1456 436 1531 Curio,
465 1457 515 1519 uhi
535 1456 701 1536 perterritis
722 1456 862 1517 omnihus
888 1473 988 1536 neque
1015 1455 1236 1517 cohortationes

167 1562 237 1605 suas
253 1561 351 1624 neque
366 1562 471 1623 preces
486 1543 582 1604 audiri
597 1542 751 1621 intellegit,
773 1559 875 1615 unam,
898 1550 932 1603 ut
946 1542 978 1601 in
993 1541 1114 1603 miseris
1137 1540 1237 1613 rebus,

167 1649 251 1710 spem
267 1631 411 1710 reliquam
433 1629 534 1690 salutis
556 1648 624 1690 esse
645 1628 820 1701 arbitratus,
843 1628 997 1708 proximos
1020 1628 1110 1689 colles
1132 1644 1238 1707 cepere

167 1716 326 1777 universos
342 1724 431 1796 atque
447 1736 482 1777 eo
495 1716 580 1795 signa
592 1715 696 1775 inferri
707 1714 799 1775 iubet
827 1713 889 1774 llos
905 1733 1025 1793 quoque
1039 1720 1239 1793 praeoccupat

132 1816 149 1867 2
169 1803 279 1863 missus
300 1822 316 1864 a
334 1802 463 1863 Saburra
484 1803 642 1882 equitatus.
679 1800 756 1887 Turn
777 1818 847 1860 vero
867 1801 904 1861 ad
925 1818 1075 1861 summam
1096 1800 1239 1879 despera-

168 1888 284 1949 tionem
299 1888 394 1948 nostri
409 1889 590 1968 perveniunt
601 1896 632 1948 et
646 1887 754 1967 partim
770 1885 921 1965 fugientes
936 1886 972 1948 ab
988 1885 1122 1965 equitatu
1145 1884 1238 1946 inter-

131 1988 148 2039 ³
169 1974 326 2048 ficiuntur,
342 1975 451 2053 partim
467 1974 573 2053 integri
593 1972 804 2054 procumbunt.
842 1973 985 2035 Hortatur
1005 1970 1170 2033 Curionem
1185 1970 1237 2033 Cn.

169 2058 332 2133 Domitius,
353 2060 522 2139 praefectus
544 2062 696 2140 equitum,
723 2050 792 2120 cum
813 2059 915 2138 paucis
936 2056 1086 2138 equitibus
1109 2056 1240 2119 circum·

170 2146 291 2221 sistens,
307 2154 341 2207 ut
355 2147 425 2225 fuga
441 2147 565 2207 salutem
577 2154 658 2225 petet
669 2155 758 2225 atque
769 2145 801 2205 in
817 2153 912 2213 castra
923 2144 1095 2217 contendat,
1111 2152 1143 2204 et
1157 2162 1192 2204 ee
1202 2142 1237 2203 ab

133 2245 150 2295 4
172 2249 284 2294 eonon
307 2232 508 2294 discessurum
528 2233 691 2313 pollicetur.
727 2233 765 2292 At
779 2230 868 2293 Curio
890 2248 1054 2311 numquam
1072 2248 1107 2296 se
1126 2230 1237 2292 amisso

171 2318 318 2393 exercitu,
340 2337 430 2398 quem
451 2339 468 2380 a
486 2319 610 2381 Caesare
631 2318 700 2380 fidei
722 2317 916 2379 commissum
938 2316 1098 2396 acceperit,
1120 2316 1154 2377 in
1175 2314 1237 2377 eins

204 2548 229 2599 6.
253 2546 400 2614 ordinesque
416 2562 533 2599 servare:
554 2546 675 2612 1,44,1;
731 2544 877 2611 selrwrrche,
898 2543 961 2597 eber
982 2550 1058 2596 anter
1074 2542 1165 2596 diesen
1183 2541 1237 2597 Un-

169 2617 212 2683 tl,
225 2618 248 2668 3.
262 2619 504 2668 —earumauiirer
523 2618 568 2667 der
582 2615 678 2667 Gel'alrr
731 2617 838 2666 stiinden
862 2615 952 2666 immer
978 2615 1042 2664 noch
1069 2614 1238 2665 anuehmlrurt

170 2687 214 2738 des
227 2684 347 2754 liamples
360 2688 415 2738 sich
430 2694 573 2737 anssetzen.
598 2686 622 2749 3,
635 2685 677 2749 77,
731 2684 853 2735 Aussicht
864 2684 910 2735 eui
919 2683 1039 2746 llettung.
1064 2682 1155 2746 Vergl.
1168 2682 1197 2731 lt
1209 2678 1237 2731 G.

172 2750 360 2807 izu'ireiitum
373 2755 677 2823 cesooaeepeditoeeer-
731 2753 756 2816 6,
770 2753 810 2817 34,
824 2754 852 2801 i:
872 2756 900 2802 ui
914 2756 942 2803 ier
959 2750 1083 2803 edreruodi
1094 2749 1239 2817 difficulte-

171 2828 220 2875 eito
232 2826 333 2875 subiret.
731 2820 1239 2889 iiitmprooidedater,ti‚2l,4:mugnom

206 2895 228 2944 8.
248 2894 461 2955 commendabant,
479 2895 575 2958 siquos
588 2906 678 2959 -po-
731 2894 760 2940 ut
776 2893 803 2939 ie
821 2894 893 2940 torem
910 2887 1056 2940 eolaermie
1072 2886 1237 2939 commorimn.

170 2965 261 3012 inierat
271 2985 288 3004 =
300 2966 343 3025 eis,
357 2979 424 3028 quoe,
438 2962 556 3025 zugleich
565 2962 609 3011 des
619 2976 677 3027 pro·
731 2986 764 2995 —
782 2958 854 3008 eolles
870 2972 969 3027 capere:
987 2957 1129 3021 erreichen,
1141 2956 1238 3021 gewin-

171 3030 337 3080 blematieche
356 3033 400 3081 des
419 3029 507 3079 Felles
526 3029 677 3094 undeutend,
733 3042 794 3090 nen3
813 3042 841 3077 so
855 3032 879 3092 3,
891 3034 933 3091 zo,
950 3030 958 3075 l
973 3025 1061 3089 mmm,
1075 3025 1103 3075 B.
1117 3023 1147 3076 G.
1160 3028 1187 3090 4,
1199 3024 1238 3088 26,

171 3099 250 3149 daher
261 3101 325 3148 auclr
336 3113 438 3148 reicere
446 3098 572 3163 potuisset
586 3099 611 3160 (ε
620 3096 677 3146 Fut.
733 3097 748 3146 5
764 3096 882 3158 insulem,
903 3095 990 3145 ebend.
1004 3095 1046 3159 36,
1059 3094 1187 3161 iperium
1199 3108 1238 3143 ee·

172 3165 678 3230 enectumr,weildiellldglrchlreitzwci-
729 3180 798 3233 pere.

172 3233 263 3286 lelhult
283 3235 380 3298 schien‚
403 3234 473 3283 nicht
493 3237 626 3283 sonasset.
646 3260 678 3269 -
767 3234 791 3283 3.
809 3234 904 3299 integri
915 3231 1096 3300 pereminet:
1113 3231 1154 3282 eie
1172 3231 1240 3282 stiir-

172 3303 252 3354 Pleno
272 3306 358 3353 omnia
377 3307 450 3352 erant
471 3304 570 3353 umoris
585 3306 610 3351 et
626 3301 678 3351 loc-
732 3298 1240 3352 zenunverwundetniedervorErmt·

172 3376 222 3422 tue.
250 3372 302 3422 Der
319 3371 499 3438 asyndetische
518 3371 679 3421 Schlusssatz
732 3376 796 3434 teng
807 3371 856 3420 und
869 3368 1066 3432 llluthloeiglreit
1081 3367 1136 3419 sich
1154 3369 1241 3432 enipe-

172 3439 239 3491 fesst
250 3442 415 3490 summerisclr
429 3440 474 3490 dus
486 3439 624 3502 Ergcbuiss
635 3440 680 3489 dor
733 3438 806 3489 bend.

172 3509 573 3572 vorhergehendenSchilderung
582 3523 680 3557 zusum-
769 3510 791 3558 3.
812 3506 855 3556 Co.
869 3505 1006 3568 Domitios,
1019 3505 1100 3570 nicht,
1112 3506 1166 3557 wie
1177 3505 1243 3556 Dru·

173 3594 238 3629 men.
259 3579 284 3629 S.
297 3578 324 3628 B.
338 3576 368 3629 G.
382 3581 406 3641 o,
421 3579 462 3641 31,
475 3578 498 3627 9.
519 3577 680 3640 Niigelsbech
734 3591 808 3627 menn
819 3575 907 3639 meiol,
925 3575 971 3625 der
988 3577 1011 3638 3,
1024 3575 1066 3639 34,
1080 3578 1095 3623 3
1111 3577 1164 3625 und
1176 3574 1243 3625 iilter

174 3647 233 3698 Stil.
247 3663 270 3714 p.
284 3648 342 3697 558.
734 3652 859 3708 genannte
889 3643 934 3693 Cn.
958 3642 1086 3693 Domitius
1110 3643 1244 3707 Calvinus,

208 3710 261 3768 42·
286 3718 307 3766 1.
323 3718 354 3766 ut
369 3717 396 3764 in
417 3715 519 3764 misem
539 3716 627 3765 redes:
646 3714 680 3763 im
735 3715 781 3763 der
797 3713 831 3762 im
848 3713 871 3761 J.
890 3713 922 3761 53
940 3711 1035 3761 Consul
1052 3726 1123 3776 war,
1140 3712 1205 3763 weil
1215 3726 1244 3763 er

174 3786 313 3849 Vergleich
325 3802 356 3834 zu
366 3784 412 3834 der
421 3782 682 3846 llolinungslosiglteit
735 3782 775 3832 als
805 3781 930 3832 Consular
958 3780 1029 3830 niclrt
1052 3780 1245 3848 lieiterprilect

176 3856 222 3904 der
241 3855 323 3918 Lege,
345 3852 439 3903 soweit
456 3852 530 3901 dulci
548 3852 611 3901 noch
632 3867 681 3902 von
735 3851 792 3901 sein
808 3850 911 3915 konnte,
930 3850 961 3899 du
978 3850 1049 3899 diesc
1066 3864 1116 3899 nur
1129 3851 1246 3901 eusdem

175 3923 298 3974 Aussiclrt
309 3922 355 3973 auf
364 3921 477 3985 liettung
491 3921 533 3970 die
545 3919 613 3971 llede
626 3920 682 3970 sein
736 3918 911 3971 Ritterstunde
923 3918 1034 3981 gewdhlt
1044 3919 1161 3971 worden.

174 3990 277 4043 konnte.
300 3992 335 4043 Es
348 3990 395 4056 gul)
409 4007 456 4041 nur
467 3991 532 4040 noch
544 3990 601 4041 eine
613 4003 683 4038 zwer
769 3990 794 4039 4.
818 4004 835 4038 a
854 3987 960 4039 Caerete
977 3986 1046 4053 fidei
1065 3991 1246 4039 corn-mierum:
