2572 4424
124 281 184 347 148
519 272 792 331 nuuhlhoclvlll

87 455 103 507 3
123 459 207 503 mum
223 436 399 519 supplicium
416 435 537 517 Pellim-
569 432 676 511 Erant,
699 434 750 517 qui
764 441 921 497 censerent
942 431 979 495 de
992 430 1081 497 terlio
1096 432 1191 516 vigilia

120 526 151 587 in
166 535 261 589 castra
276 524 410 587 Cornelia
426 522 634 596 recedendum,
651 530 685 584 ut
700 523 810 584 maiore
825 521 919 601 spatio
934 521 1080 601 temporis
1095 519 1189 583 inter·

119 613 195 675 iecto
211 611 338 673 militum
357 619 473 671 mentes
494 618 685 683 sanarentur,
707 608 810 682 simul,
833 609 859 670 si
880 608 954 687 quid
973 607 1091 687 gravius
1113 608 1189 670 acci·

121 697 221 772 disset,
237 716 341 776 magna
356 695 548 758 multitudine
560 693 680 756 navium
695 706 724 756 et
738 694 833 756 tutius
849 703 879 755 et
890 692 1003 756 facilius
1014 693 1048 755 in
1059 692 1187 757 Siciliam

120 796 258 864 receptus
273 783 401 845 daretur.

206 870 257 930 31.
271 869 367 931 'Curio
389 877 548 946 utrumque
563 865 736 946 improbans
751 864 923 939 consilium,
942 871 1090 944 quantum
1106 864 1188 929 alteri

121 955 285 1019 sententiae
307 955 423 1017 deesset
437 952 542 1026 animi,
563 962 681 1015 tantum
702 951 784 1014 alteri
801 970 958 1032 superesse
979 950 1112 1013 dicebat:
1133 952 1187 1013 hoa

120 1041 309 1122 turpissimae
324 1043 409 1122 fugae
424 1038 570 1100 rationem
586 1037 703 1113 habere,
719 1038 784 1100 illos
799 1037 886 1100 etiam
901 1036 1004 1117 iniquo
1020 1040 1086 1099 loco
1101 1036 1188 1099 dimi·

84 1144 100 1195 2
121 1129 249 1190 candum
264 1138 376 1208 putare.
406 1127 469 1199 Qua
485 1124 575 1199 enim,
590 1124 697 1204 inquit,
712 1124 817 1185 liducia
828 1134 858 1185 et
872 1142 962 1203 opere
973 1134 1004 1185 et
1014 1133 1122 1187 natura
1133 1122 1187 1185 loci

84 1230 100 1280 3
121 1213 319 1276 munitissima
334 1222 430 1274 castra
451 1211 611 1291 expugnari
625 1230 714 1290 posse
731 1206 929 1271 confidimus?
955 1210 1015 1270 hut
1028 1228 1099 1271 vero
1118 1209 1186 1289 quid

118 1299 301 1381 proficimus,
317 1299 342 1360 si
356 1306 475 1378 accepto
488 1314 593 1377 irragno
607 1296 784 1359 detrimento
795 1296 831 1359 ab
844 1294 1065 1376 oppugnatione
1075 1306 1187 1359 castro·

87 1442 91 1449 .
120 1403 189 1447 rum
202 1381 402 1447 discedimus?
423 1382 582 1457 Quasinon
594 1392 624 1443 et
635 1383 760 1444 felicitas
772 1400 872 1444 rerum
883 1382 1186 1462 gestarumexercitus

120 1470 354 1533 benevolentiam
386 1467 613 1549 imperatoribus
645 1479 674 1531 et
705 1487 752 1532 res
778 1469 917 1529 adversae
942 1466 1009 1530 odia
1035 1464 1185 1547 colligenti

83 1570 100 1620 4
122 1557 294 1619 Castrorum
305 1566 404 1618 autem
416 1554 541 1616 mutatio
554 1553 626 1634 quid
638 1553 726 1616 habet
737 1553 794 1616 nisi
805 1554 1032 1635 turpemlugam
1039 1561 1069 1615 et
1081 1554 1186 1634 despe-

120 1643 265 1706 rationem
278 1642 414 1704 omnium
426 1651 456 1703 et
466 1640 672 1703 alienationem
683 1636 852 1702 exercitus?
872 1640 948 1700 Nam
960 1656 1060 1719 neque
1070 1640 1185 1721 puden·

119 1738 165 1791 tes
191 1729 335 1810 suspicari
357 1736 474 1808 oportet
493 1726 551 1787 sibi
570 1745 675 1806 parum
698 1726 792 1800 credi,
819 1744 916 1805 neque
937 1725 1092 1805 improbos
1113 1726 1186 1788 scire

120 1834 185 1877 sese
201 1815 311 1888 timeri,
328 1814 408 1894 quod
423 1813 480 1874 illis
495 1812 641 1874 licentiam
657 1812 748 1873 timor
764 1821 866 1893 augeat
881 1823 998 1885 noster,
1018 1811 1067 1873 his
1088 1811 1185 1874 studia

83 1919 98 1969 s
120 1900 280 1963 deminuat.
308 1900 404 1973 ‘Quod
417 1898 531 1973 silam,
546 1897 653 1977 inquit,
669 1899 751 1960 ‘haec
762 1904 910 1978 explorata
920 1897 1096 1973 habeamus,
1111 1915 1185 1978 quae

117 1986 152 2047 de
168 1986 313 2117 exercitus
328 1985 504 2047 alienatione
522 1985 672 2058 dicuntur,
695 2004 769 2065 quae
785 1984 905 2064 quidem
920 2003 973 2065 ego
990 1992 1042 2046 aut
1063 1983 1184 2045 omnino

116 2186 124 2207 g
151 2142 174 2192 3.
192 2140 223 2192 de
241 2144 319 2192 tem
334 2140 435 2206 ugido:
456 2140 533 2206 1,5l,
550 2140 575 2191 4.
591 2168 625 2177 -
679 2139 1185 2205 stiitzenwiirde,dasienberoll'enbnr

115 2214 279 2275 emerentur,
298 2211 348 2261 wie
365 2213 448 2274 l,³o‚
463 2210 486 2259 2.
497 2235 533 2246 -
547 2208 627 2260 amul
678 2210 815 2261 unhaltbar
839 2209 882 2275 ist,
906 2208 1021 2260 dissolbe
1039 2210 1185 2274 widerlcpt.

116 2282 141 2328 ee·
162 2279 235 2345 quid.-
263 2279 382 2345 augleich
405 2278 484 2328 demit
509 2278 543 2327 irn
564 2277 624 2328 rau
678 2278 704 2329 S.
721 2278 834 2347 Seyffert
851 2278 958 2329 Scholne
969 2276 1027 2328 Lat.
1046 2277 1066 2341 1,
1083 2294 1107 2345 p.
1130 2280 1183 2329 lle

116 2347 189 2398 einer
209 2347 366 2411 Niederlage
390 2347 430 2396 die
456 2362 546 2410 grosse
567 2347 625 2397 dort
678 2346 740 2398 Wir
751 2346 1070 2411 habcnwenighnssicht,
1081 2350 1127 2398 dns
1138 2345 1186 2397 Lu-

116 2417 297 2467 versammelte
313 2417 403 2481 Menge
424 2414 516 2466 Schille
535 2420 567 2478 lc.
581 2419 623 2480 lb)
678 2432 724 2481 gar
742 2416 850 2467 erobcru
867 2432 900 2466 zu
916 2417 1029 2478 hdnnen,
1040 2417 1094 2466 und
1110 2431 1139 2467 es
1151 2416 1185 2466 ist

116 2485 164 2534 mit
182 2487 253 2535 mehr
264 2485 413 2536 sicherhsit
431 2486 481 2535 und
493 2483 625 2548 Leiehtig·
677 2500 724 2536 uns
737 2486 797 2536 sehr
806 2484 976 2548 nachtheilig,
988 2499 1065 2535 wenn
1076 2485 1129 2536 wir
1144 2484 1184 2535 die

115 2552 172 2603 keit
184 2555 232 2603 den
244 2554 365 2617 Rhekzug
377 2554 441 2605 nach
453 2553 560 2605 Sieilien
579 2568 624 2617 gc·
677 2554 837 2618 Bclngerung
859 2553 906 2604 mit
929 2553 1038 2605 Vcrlust
1061 2553 1184 2618 aulgcbcn

116 2623 229 2685 wilhrte‚
250 2624 273 2673 d.
295 2625 320 2673 h.
343 2623 422 2673 dnmit
442 2623 488 2672 der
503 2622 625 2687 lliiclmng
676 2624 791 2687 nriissan3
813 2624 879 2673 dena
899 2622 1075 2687 misslnugcne
1094 2621 1184 2675 Unter·

115 2691 218 2742 dorthin
231 2691 347 2744 sicherer
363 2693 413 2741 und
425 2691 536 2743 leichtcr
547 2707 624 2755 unge·
676 2694 833 2756 nehmnngsn
856 2691 1013 2743 entfrernden
1032 2692 1090 2743 dem
1107 2690 1183 2742 reu-

115 2767 201 2811 treten
213 2762 317 2812 werden
329 2761 431 2811 hb'nnte.
461 2758 556 2811 Bciaud
569 2761 625 2810 sich
676 2761 754 2812 hcrrn
767 2761 810 2811 dic
823 2758 961 2812 Gemiilhcr
973 2761 1020 2811 dcr
1031 2759 1164 2812 Soldatcn.

116 2829 161 2879 das
178 2829 246 2880 Hcer
268 2830 302 2881 im
324 2830 507 2881 Cornelischen
530 2828 623 2893 hager,
712 2831 735 2879 4.
753 2857 788 2866 —-
803 2829 865 2895 quid
880 2830 963 2893 habet,
976 2831 1030 2879 πίει·
1043 2833 1061 2879 t.
1074 2830 1181 2897 sugun-

115 2912 144 2947 so
161 2913 215 2949 war
227 2899 298 2949 nicht
312 2915 343 2948 zu
355 2898 481 2964 liircbtcn,
500 2898 624 2964 wasspd-
677 2898 703 2949 S.
720 2914 752 2948 zu
776 2898 802 2962 l,
819 2897 866 2961 63,
882 2898 907 2948 2.
928 2926 961 2934 -—
981 2897 1183 2967 desperatum

115 2972 157 3015 ter
174 2969 284 3030 geschah
303 2971 335 3030 le.
352 2967 408 3028 l3r,
426 2969 485 3018 dass
503 2967 545 3031 dic
561 2966 625 3016 Ein-
677 2969 813 3018 connium
830 2967 865 3017 ist
882 2966 1020 3019 Neutrum:
1040 2964 1183 3019 vermil-

116 3033 240 3098 schill'ung
263 3037 327 3085 ohne
351 3035 472 3100 0rdnung
494 3051 541 3086 vor
568 3035 624 3086 sich
676 3034 903 3099 lungendum,
924 3035 1037 3099 v'o'lliges
1052 3034 1182 3101 Aulgcben

116 3101 177 3165 δίης
200 3104 249 3151 und
272 3103 330 3153 dass
351 3103 420 3152 viole
443 3102 625 3154 Sohiffsliihrer
676 3105 744 3155 oller
760 3103 897 3169 Hoffnunpr
912 3104 940 3168 l,
955 3106 999 3167 ll,
1011 3104 1042 3155 3:
1056 3103 1180 3174 patriade-

116 3171 161 3219 das
175 3168 389 3221 Weitesuchtcn.
677 3175 854 3241 speruhbnem.
885 3201 917 3210 -
940 3170 1080 3241 pudentes:
1104 3173 1180 3225 Lente

151 3228 204 3288 81.
230 3241 252 3288 1.
279 3238 429 3289 hos-idos.
460 3239 569 3291 Beaehte
582 3241 623 3291 dic
676 3258 727 3293 von
750 3239 904 3306 Ehrgeliihl,
928 3242 970 3293 dic
994 3242 1052 3293 sich
1075 3244 1180 3294 selenen

116 3304 261 3371 beziehnng
279 3307 326 3357 der
343 3306 418 3357 Pron.
440 3304 485 3357 ndl'
500 3308 556 3359 ihre
569 3316 625 3360 cut·
676 3310 790 3372 minden,
811 3311 867 3360 ihre
890 3310 981 3362 Phieht
1002 3327 1035 3361 zu
1050 3312 1179 3363 verlelm

117 3375 290 3440 sprechenden
310 3375 386 3425 Slitze
407 3377 457 3425 und
476 3377 624 3441 vergleichc
676 3379 725 3429 und
743 3378 861 3442 Aehtung
876 3394 925 3429 vor
941 3379 997 3429 dem
1011 3377 1124 3433 Genetes
1139 3381 1179 3430 hn-

116 3444 196 3494 damit
208 3444 250 3493 die
262 3443 426 3508 umgehehrte
436 3445 554 3509 Stellung
566 3444 582 3511 ξ
594 3447 623 3496 4:
677 3447 733 3514 ben,
744 3446 1012 3512 cherebendcswegen
1022 3448 1179 3501 dnrehldisr·

115 3510 174 3561 illos
186 3539 219 3548 —
230 3512 278 3561 his.
291 3511 383 3578 Zumpt
394 3512 411 3578 ᾗ
424 3515 482 3562 700.
675 3524 767 3567 tranen
779 3516 835 3566 sich
847 3517 959 3568 verlctzt
970 3517 1058 3568 liihlen
1071 3518 1178 3569 wiirdcu.

150 3581 173 3630 2.
199 3584 224 3634 ct
240 3595 316 3649 opere
332 3586 470 3632 cremera
488 3581 502 3631 1.
518 3586 623 3633 munit:
677 3584 729 3636 Cic.
746 3584 816 3634 Fam.
836 3588 875 3649 ld,
900 3586 939 3649 18,
959 3586 984 3635 l:
1004 3585 1177 3647 commui,

111 3665 137 3701 c.
156 3648 197 3713 37,
216 3651 245 3699 5:
262 3654 356 3700 natura
372 3650 420 3700 loci
434 3654 457 3700 cl
472 3654 620 3701 munitione.
676 3652 743 3719 qnod
756 3655 855 3703 humbri
867 3653 976 3722 pudenti
992 3659 1019 3705 et
1035 3654 1127 3724 crepido
1141 3668 1177 3705 a·

111 3715 626 3784 B..G.3,·23,2;5‚57,l:aatoraloee
676 3720 826 3787 tarsaciendt'
836 3723 987 3790 reipublicae
999 3724 1176 3790 bcnt'sqmn·
1220 3754 1227 3805 4

109 3789 141 3839 at
151 3791 363 3841 mundabundus.
675 3792 750 3840 nibus
766 3790 877 3841 ucmdm
895 3791 965 3842 colel.
1002 3792 1032 3843 B.
1053 3791 1083 3843 G.
1104 3795 1127 3857 l,
1141 3791 1177 3853 4⁰,
1221 3807 1227 3845 l

150 3853 174 3910 3.
195 3854 623 3924 Qucmsehicbtderfremdensse-
678 3860 722 3909 14:
737 3857 822 3927 pudor
837 3863 913 3925 atque
927 3860 1057 3927 officium
1087 3860 1176 3922 Line,
1223 3854 1227 3861 '

109 3922 244 3993 hauptung
268 3926 326 3976 eine
344 3925 512 3989 Vorstellung
538 3934 623 3990 unter,
675 3926 970 3995 supererogabat
986 3933 1074 3981 omneis
1090 3928 1173 3998 prodor·

109 3989 165 4057 die,
190 4006 264 4045 wcnn
289 3996 330 4045 oie
354 3996 425 4045 wahr
447 3997 532 4059 wilre,
560 3995 622 4060 jene
675 4023 706 4033 -
720 3996 787 4063 pund
802 4003 897 4065 uugem
912 4026 946 4035 -
962 3997 1102 4051 &minuat
1129 3996 1175 4049 Iler

38 4078 63 4168 'h
